%YAML 1.1
%TAG !u! tag:unity3d.com,2011:
--- !u!29 &1
OcclusionCullingSettings:
  m_ObjectHideFlags: 0
  serializedVersion: 2
  m_OcclusionBakeSettings:
    smallestOccluder: 5
    smallestHole: 0.25
    backfaceThreshold: 100
  m_SceneGUID: 00000000000000000000000000000000
  m_OcclusionCullingData: {fileID: 0}
--- !u!104 &2
RenderSettings:
  m_ObjectHideFlags: 0
  serializedVersion: 9
  m_Fog: 0
  m_FogColor: {r: 0.5, g: 0.5, b: 0.5, a: 1}
  m_FogMode: 3
  m_FogDensity: 0.01
  m_LinearFogStart: 0
  m_LinearFogEnd: 300
  m_AmbientSkyColor: {r: 0.18534176, g: 0.2336241, b: 0.3301887, a: 1}
  m_AmbientEquatorColor: {r: 0.114, g: 0.125, b: 0.133, a: 1}
  m_AmbientGroundColor: {r: 0.047, g: 0.043, b: 0.035, a: 1}
  m_AmbientIntensity: 1
  m_AmbientMode: 3
  m_SubtractiveShadowColor: {r: 0.45113918, g: 0.5626111, b: 0.6981132, a: 1}
  m_SkyboxMaterial: {fileID: 10304, guid: 0000000000000000f000000000000000, type: 0}
  m_HaloStrength: 0.5
  m_FlareStrength: 1
  m_FlareFadeSpeed: 3
  m_HaloTexture: {fileID: 0}
  m_SpotCookie: {fileID: 10001, guid: 0000000000000000e000000000000000, type: 0}
  m_DefaultReflectionMode: 0
  m_DefaultReflectionResolution: 128
  m_ReflectionBounces: 1
  m_ReflectionIntensity: 1
  m_CustomReflection: {fileID: 0}
  m_Sun: {fileID: 0}
  m_IndirectSpecularColor: {r: 0.43667653, g: 0.48427057, b: 0.564524, a: 1}
  m_UseRadianceAmbientProbe: 0
--- !u!157 &3
LightmapSettings:
  m_ObjectHideFlags: 0
  serializedVersion: 12
  m_GIWorkflowMode: 1
  m_GISettings:
    serializedVersion: 2
    m_BounceScale: 1
    m_IndirectOutputScale: 1
    m_AlbedoBoost: 1
    m_EnvironmentLightingMode: 0
    m_EnableBakedLightmaps: 1
    m_EnableRealtimeLightmaps: 0
  m_LightmapEditorSettings:
    serializedVersion: 12
    m_Resolution: 2
    m_BakeResolution: 40
    m_AtlasSize: 1024
    m_AO: 0
    m_AOMaxDistance: 1
    m_CompAOExponent: 1
    m_CompAOExponentDirect: 0
    m_ExtractAmbientOcclusion: 0
    m_Padding: 2
    m_LightmapParameters: {fileID: 0}
    m_LightmapsBakeMode: 1
    m_TextureCompression: 1
    m_FinalGather: 0
    m_FinalGatherFiltering: 1
    m_FinalGatherRayCount: 256
    m_ReflectionCompression: 2
    m_MixedBakeMode: 2
    m_BakeBackend: 1
    m_PVRSampling: 1
    m_PVRDirectSampleCount: 32
    m_PVRSampleCount: 512
    m_PVRBounces: 2
    m_PVREnvironmentSampleCount: 256
    m_PVREnvironmentReferencePointCount: 2048
    m_PVRFilteringMode: 1
    m_PVRDenoiserTypeDirect: 1
    m_PVRDenoiserTypeIndirect: 1
    m_PVRDenoiserTypeAO: 1
    m_PVRFilterTypeDirect: 0
    m_PVRFilterTypeIndirect: 0
    m_PVRFilterTypeAO: 0
    m_PVREnvironmentMIS: 1
    m_PVRCulling: 1
    m_PVRFilteringGaussRadiusDirect: 1
    m_PVRFilteringGaussRadiusIndirect: 5
    m_PVRFilteringGaussRadiusAO: 2
    m_PVRFilteringAtrousPositionSigmaDirect: 0.5
    m_PVRFilteringAtrousPositionSigmaIndirect: 2
    m_PVRFilteringAtrousPositionSigmaAO: 1
    m_ExportTrainingData: 0
    m_TrainingDataDestination: TrainingData
    m_LightProbeSampleCountMultiplier: 4
  m_LightingDataAsset: {fileID: 0}
  m_LightingSettings: {fileID: 0}
--- !u!196 &4
NavMeshSettings:
  serializedVersion: 2
  m_ObjectHideFlags: 0
  m_BuildSettings:
    serializedVersion: 2
    agentTypeID: 0
    agentRadius: 0.5
    agentHeight: 2
    agentSlope: 45
    agentClimb: 0.4
    ledgeDropHeight: 0
    maxJumpAcrossDistance: 0
    minRegionArea: 2
    manualCellSize: 0
    cellSize: 0.16666667
    manualTileSize: 0
    tileSize: 256
    accuratePlacement: 0
    maxJobWorkers: 0
    preserveTilesOutsideBounds: 0
    debug:
      m_Flags: 0
  m_NavMeshData: {fileID: 0}
--- !u!1 &30653293
GameObject:
  m_ObjectHideFlags: 0
  m_CorrespondingSourceObject: {fileID: 0}
  m_PrefabInstance: {fileID: 0}
  m_PrefabAsset: {fileID: 0}
  serializedVersion: 6
  m_Component:
  - component: {fileID: 30653297}
  - component: {fileID: 30653296}
  - component: {fileID: 30653295}
  - component: {fileID: 30653294}
  m_Layer: 0
  m_Name: Main Camera
  m_TagString: MainCamera
  m_Icon: {fileID: 0}
  m_NavMeshLayer: 0
  m_StaticEditorFlags: 0
  m_IsActive: 1
--- !u!114 &30653294
MonoBehaviour:
  m_ObjectHideFlags: 0
  m_CorrespondingSourceObject: {fileID: 0}
  m_PrefabInstance: {fileID: 0}
  m_PrefabAsset: {fileID: 0}
  m_GameObject: {fileID: 30653293}
  m_Enabled: 1
  m_EditorHideFlags: 0
  m_Script: {fileID: 11500000, guid: a79441f348de89743a2939f4d699eac1, type: 3}
  m_Name: 
  m_EditorClassIdentifier: 
  m_RenderShadows: 1
  m_RequiresDepthTextureOption: 2
  m_RequiresOpaqueTextureOption: 2
  m_CameraType: 0
  m_Cameras: []
  m_RendererIndex: -1
  m_VolumeLayerMask:
    serializedVersion: 2
    m_Bits: 1
  m_VolumeTrigger: {fileID: 0}
  m_RenderPostProcessing: 0
  m_Antialiasing: 0
  m_AntialiasingQuality: 2
  m_StopNaN: 0
  m_Dithering: 0
  m_ClearDepth: 1
  m_AllowXRRendering: 1
  m_RequiresDepthTexture: 0
  m_RequiresColorTexture: 0
  m_Version: 2
--- !u!81 &30653295
AudioListener:
  m_ObjectHideFlags: 0
  m_CorrespondingSourceObject: {fileID: 0}
  m_PrefabInstance: {fileID: 0}
  m_PrefabAsset: {fileID: 0}
  m_GameObject: {fileID: 30653293}
  m_Enabled: 1
--- !u!20 &30653296
Camera:
  m_ObjectHideFlags: 0
  m_CorrespondingSourceObject: {fileID: 0}
  m_PrefabInstance: {fileID: 0}
  m_PrefabAsset: {fileID: 0}
  m_GameObject: {fileID: 30653293}
  m_Enabled: 1
  serializedVersion: 2
  m_ClearFlags: 2
  m_BackGroundColor: {r: 1, g: 1, b: 1, a: 0}
  m_projectionMatrixMode: 1
  m_GateFitMode: 2
  m_FOVAxisMode: 1
  m_SensorSize: {x: 36, y: 24}
  m_LensShift: {x: 0, y: 0}
  m_FocalLength: 50
  m_NormalizedViewPortRect:
    serializedVersion: 2
    x: 0
    y: 0
    width: 1
    height: 1
  near clip plane: 0.3
  far clip plane: 1000
  field of view: 69.9733
  orthographic: 1
  orthographic size: 22.3
  m_Depth: -1
  m_CullingMask:
    serializedVersion: 2
    m_Bits: 4294967295
  m_RenderingPath: -1
  m_TargetTexture: {fileID: 0}
  m_TargetDisplay: 0
  m_TargetEye: 3
  m_HDR: 1
  m_AllowMSAA: 1
  m_AllowDynamicResolution: 0
  m_ForceIntoRT: 0
  m_OcclusionCulling: 1
  m_StereoConvergence: 10
  m_StereoSeparation: 0.022
--- !u!4 &30653297
Transform:
  m_ObjectHideFlags: 0
  m_CorrespondingSourceObject: {fileID: 0}
  m_PrefabInstance: {fileID: 0}
  m_PrefabAsset: {fileID: 0}
  m_GameObject: {fileID: 30653293}
  m_LocalRotation: {x: 0.70710677, y: -0, z: -0, w: 0.7071068}
  m_LocalPosition: {x: -0.06, y: 28.86, z: 0}
  m_LocalScale: {x: 1, y: 1, z: 1}
  m_Children: []
  m_Father: {fileID: 0}
  m_RootOrder: 0
  m_LocalEulerAnglesHint: {x: 90, y: 0, z: 0}
--- !u!1001 &136645729
PrefabInstance:
  m_ObjectHideFlags: 0
  serializedVersion: 2
  m_Modification:
    m_TransformParent: {fileID: 0}
    m_Modifications:
    - target: {fileID: -8679921383154817045, guid: eab9c0abfff490a42a6345e76d1854ef, type: 3}
      propertyPath: m_RootOrder
      value: 12
      objectReference: {fileID: 0}
    - target: {fileID: -8679921383154817045, guid: eab9c0abfff490a42a6345e76d1854ef, type: 3}
      propertyPath: m_LocalPosition.x
      value: 0
      objectReference: {fileID: 0}
    - target: {fileID: -8679921383154817045, guid: eab9c0abfff490a42a6345e76d1854ef, type: 3}
      propertyPath: m_LocalPosition.y
      value: 0
      objectReference: {fileID: 0}
    - target: {fileID: -8679921383154817045, guid: eab9c0abfff490a42a6345e76d1854ef, type: 3}
      propertyPath: m_LocalPosition.z
      value: 0
      objectReference: {fileID: 0}
    - target: {fileID: -8679921383154817045, guid: eab9c0abfff490a42a6345e76d1854ef, type: 3}
      propertyPath: m_LocalRotation.w
      value: -0.00000032782552
      objectReference: {fileID: 0}
    - target: {fileID: -8679921383154817045, guid: eab9c0abfff490a42a6345e76d1854ef, type: 3}
      propertyPath: m_LocalRotation.x
      value: -0
      objectReference: {fileID: 0}
    - target: {fileID: -8679921383154817045, guid: eab9c0abfff490a42a6345e76d1854ef, type: 3}
      propertyPath: m_LocalRotation.y
      value: -1
      objectReference: {fileID: 0}
    - target: {fileID: -8679921383154817045, guid: eab9c0abfff490a42a6345e76d1854ef, type: 3}
      propertyPath: m_LocalRotation.z
      value: -0
      objectReference: {fileID: 0}
    - target: {fileID: -8679921383154817045, guid: eab9c0abfff490a42a6345e76d1854ef, type: 3}
      propertyPath: m_LocalEulerAnglesHint.x
      value: 0
      objectReference: {fileID: 0}
    - target: {fileID: -8679921383154817045, guid: eab9c0abfff490a42a6345e76d1854ef, type: 3}
      propertyPath: m_LocalEulerAnglesHint.y
      value: -180
      objectReference: {fileID: 0}
    - target: {fileID: -8679921383154817045, guid: eab9c0abfff490a42a6345e76d1854ef, type: 3}
      propertyPath: m_LocalEulerAnglesHint.z
      value: 0
      objectReference: {fileID: 0}
    - target: {fileID: -4796321759998269297, guid: eab9c0abfff490a42a6345e76d1854ef, type: 3}
      propertyPath: m_DirtyAABB
      value: 0
      objectReference: {fileID: 0}
    - target: {fileID: -4796321759998269297, guid: eab9c0abfff490a42a6345e76d1854ef, type: 3}
      propertyPath: m_AABB.m_Center.y
      value: 2.7997298
      objectReference: {fileID: 0}
    - target: {fileID: -4796321759998269297, guid: eab9c0abfff490a42a6345e76d1854ef, type: 3}
      propertyPath: m_AABB.m_Center.z
      value: -3.9018588
      objectReference: {fileID: 0}
    - target: {fileID: -4796321759998269297, guid: eab9c0abfff490a42a6345e76d1854ef, type: 3}
      propertyPath: m_AABB.m_Extent.x
      value: 12
      objectReference: {fileID: 0}
    - target: {fileID: -4796321759998269297, guid: eab9c0abfff490a42a6345e76d1854ef, type: 3}
      propertyPath: m_AABB.m_Extent.y
      value: 2.80473
      objectReference: {fileID: 0}
    - target: {fileID: -4796321759998269297, guid: eab9c0abfff490a42a6345e76d1854ef, type: 3}
      propertyPath: m_AABB.m_Extent.z
      value: 7.5018754
      objectReference: {fileID: 0}
    - target: {fileID: -4796321759998269297, guid: eab9c0abfff490a42a6345e76d1854ef, type: 3}
      propertyPath: m_BlendShapeWeights.Array.size
      value: 1
      objectReference: {fileID: 0}
    - target: {fileID: -4796321759998269297, guid: eab9c0abfff490a42a6345e76d1854ef, type: 3}
      propertyPath: m_BlendShapeWeights.Array.data[0]
      value: 100
      objectReference: {fileID: 0}
    - target: {fileID: 919132149155446097, guid: eab9c0abfff490a42a6345e76d1854ef, type: 3}
      propertyPath: m_Name
      value: Level 26
      objectReference: {fileID: 0}
    - target: {fileID: 919132149155446097, guid: eab9c0abfff490a42a6345e76d1854ef, type: 3}
      propertyPath: m_IsActive
      value: 0
      objectReference: {fileID: 0}
    m_RemovedComponents: []
  m_SourcePrefab: {fileID: 100100000, guid: eab9c0abfff490a42a6345e76d1854ef, type: 3}
--- !u!1001 &143698814
PrefabInstance:
  m_ObjectHideFlags: 0
  serializedVersion: 2
  m_Modification:
    m_TransformParent: {fileID: 0}
    m_Modifications:
    - target: {fileID: -8679921383154817045, guid: 5786e4ddff6c91c46a3c27cffb4455cb, type: 3}
      propertyPath: m_RootOrder
      value: 9
      objectReference: {fileID: 0}
    - target: {fileID: -8679921383154817045, guid: 5786e4ddff6c91c46a3c27cffb4455cb, type: 3}
      propertyPath: m_LocalPosition.x
      value: 0
      objectReference: {fileID: 0}
    - target: {fileID: -8679921383154817045, guid: 5786e4ddff6c91c46a3c27cffb4455cb, type: 3}
      propertyPath: m_LocalPosition.y
      value: 0
      objectReference: {fileID: 0}
    - target: {fileID: -8679921383154817045, guid: 5786e4ddff6c91c46a3c27cffb4455cb, type: 3}
      propertyPath: m_LocalPosition.z
      value: 0
      objectReference: {fileID: 0}
    - target: {fileID: -8679921383154817045, guid: 5786e4ddff6c91c46a3c27cffb4455cb, type: 3}
      propertyPath: m_LocalRotation.w
      value: -0.0000002533197
      objectReference: {fileID: 0}
    - target: {fileID: -8679921383154817045, guid: 5786e4ddff6c91c46a3c27cffb4455cb, type: 3}
      propertyPath: m_LocalRotation.x
      value: -0
      objectReference: {fileID: 0}
    - target: {fileID: -8679921383154817045, guid: 5786e4ddff6c91c46a3c27cffb4455cb, type: 3}
      propertyPath: m_LocalRotation.y
      value: -1
      objectReference: {fileID: 0}
    - target: {fileID: -8679921383154817045, guid: 5786e4ddff6c91c46a3c27cffb4455cb, type: 3}
      propertyPath: m_LocalRotation.z
      value: -0
      objectReference: {fileID: 0}
    - target: {fileID: -8679921383154817045, guid: 5786e4ddff6c91c46a3c27cffb4455cb, type: 3}
      propertyPath: m_LocalEulerAnglesHint.x
      value: 0
      objectReference: {fileID: 0}
    - target: {fileID: -8679921383154817045, guid: 5786e4ddff6c91c46a3c27cffb4455cb, type: 3}
      propertyPath: m_LocalEulerAnglesHint.y
      value: -180
      objectReference: {fileID: 0}
    - target: {fileID: -8679921383154817045, guid: 5786e4ddff6c91c46a3c27cffb4455cb, type: 3}
      propertyPath: m_LocalEulerAnglesHint.z
      value: 0
      objectReference: {fileID: 0}
    - target: {fileID: -4796321759998269297, guid: 5786e4ddff6c91c46a3c27cffb4455cb, type: 3}
      propertyPath: m_DirtyAABB
      value: 0
      objectReference: {fileID: 0}
    - target: {fileID: -4796321759998269297, guid: 5786e4ddff6c91c46a3c27cffb4455cb, type: 3}
      propertyPath: m_AABB.m_Center.x
      value: -1.133533
      objectReference: {fileID: 0}
    - target: {fileID: -4796321759998269297, guid: 5786e4ddff6c91c46a3c27cffb4455cb, type: 3}
      propertyPath: m_AABB.m_Center.y
      value: 2.2082884
      objectReference: {fileID: 0}
    - target: {fileID: -4796321759998269297, guid: 5786e4ddff6c91c46a3c27cffb4455cb, type: 3}
      propertyPath: m_AABB.m_Extent.x
      value: 5.631146
      objectReference: {fileID: 0}
    - target: {fileID: -4796321759998269297, guid: 5786e4ddff6c91c46a3c27cffb4455cb, type: 3}
      propertyPath: m_AABB.m_Extent.y
      value: 2.2158535
      objectReference: {fileID: 0}
    - target: {fileID: -4796321759998269297, guid: 5786e4ddff6c91c46a3c27cffb4455cb, type: 3}
      propertyPath: m_AABB.m_Extent.z
      value: 2.1780934
      objectReference: {fileID: 0}
    - target: {fileID: -4796321759998269297, guid: 5786e4ddff6c91c46a3c27cffb4455cb, type: 3}
      propertyPath: m_BlendShapeWeights.Array.size
      value: 1
      objectReference: {fileID: 0}
    - target: {fileID: -4796321759998269297, guid: 5786e4ddff6c91c46a3c27cffb4455cb, type: 3}
      propertyPath: m_BlendShapeWeights.Array.data[0]
      value: 0
      objectReference: {fileID: 0}
    - target: {fileID: -2847406017616018954, guid: 5786e4ddff6c91c46a3c27cffb4455cb, type: 3}
      propertyPath: m_IsActive
      value: 1
      objectReference: {fileID: 0}
    - target: {fileID: -231537852577957333, guid: 5786e4ddff6c91c46a3c27cffb4455cb, type: 3}
      propertyPath: m_IsActive
      value: 1
      objectReference: {fileID: 0}
    - target: {fileID: 919132149155446097, guid: 5786e4ddff6c91c46a3c27cffb4455cb, type: 3}
      propertyPath: m_Name
      value: Level 23
      objectReference: {fileID: 0}
    - target: {fileID: 919132149155446097, guid: 5786e4ddff6c91c46a3c27cffb4455cb, type: 3}
      propertyPath: m_IsActive
      value: 0
      objectReference: {fileID: 0}
    m_RemovedComponents: []
  m_SourcePrefab: {fileID: 100100000, guid: 5786e4ddff6c91c46a3c27cffb4455cb, type: 3}
--- !u!1001 &232508765
PrefabInstance:
  m_ObjectHideFlags: 0
  serializedVersion: 2
  m_Modification:
    m_TransformParent: {fileID: 0}
    m_Modifications:
    - target: {fileID: -8679921383154817045, guid: d32b4098a9f09874b94cfd2c44b29bed, type: 3}
      propertyPath: m_RootOrder
      value: 13
      objectReference: {fileID: 0}
    - target: {fileID: -8679921383154817045, guid: d32b4098a9f09874b94cfd2c44b29bed, type: 3}
      propertyPath: m_LocalPosition.x
      value: 0
      objectReference: {fileID: 0}
    - target: {fileID: -8679921383154817045, guid: d32b4098a9f09874b94cfd2c44b29bed, type: 3}
      propertyPath: m_LocalPosition.y
      value: 0
      objectReference: {fileID: 0}
    - target: {fileID: -8679921383154817045, guid: d32b4098a9f09874b94cfd2c44b29bed, type: 3}
      propertyPath: m_LocalPosition.z
      value: 0
      objectReference: {fileID: 0}
    - target: {fileID: -8679921383154817045, guid: d32b4098a9f09874b94cfd2c44b29bed, type: 3}
      propertyPath: m_LocalRotation.w
      value: -0.00000035762784
      objectReference: {fileID: 0}
    - target: {fileID: -8679921383154817045, guid: d32b4098a9f09874b94cfd2c44b29bed, type: 3}
      propertyPath: m_LocalRotation.x
      value: -0
      objectReference: {fileID: 0}
    - target: {fileID: -8679921383154817045, guid: d32b4098a9f09874b94cfd2c44b29bed, type: 3}
      propertyPath: m_LocalRotation.y
      value: -1
      objectReference: {fileID: 0}
    - target: {fileID: -8679921383154817045, guid: d32b4098a9f09874b94cfd2c44b29bed, type: 3}
      propertyPath: m_LocalRotation.z
      value: -0
      objectReference: {fileID: 0}
    - target: {fileID: -8679921383154817045, guid: d32b4098a9f09874b94cfd2c44b29bed, type: 3}
      propertyPath: m_LocalEulerAnglesHint.x
      value: 0
      objectReference: {fileID: 0}
    - target: {fileID: -8679921383154817045, guid: d32b4098a9f09874b94cfd2c44b29bed, type: 3}
      propertyPath: m_LocalEulerAnglesHint.y
      value: -180
      objectReference: {fileID: 0}
    - target: {fileID: -8679921383154817045, guid: d32b4098a9f09874b94cfd2c44b29bed, type: 3}
      propertyPath: m_LocalEulerAnglesHint.z
      value: 0
      objectReference: {fileID: 0}
    - target: {fileID: -4796321759998269297, guid: d32b4098a9f09874b94cfd2c44b29bed, type: 3}
      propertyPath: m_DirtyAABB
      value: 0
      objectReference: {fileID: 0}
    - target: {fileID: -4796321759998269297, guid: d32b4098a9f09874b94cfd2c44b29bed, type: 3}
      propertyPath: m_AABB.m_Center.y
      value: 2.0752435
      objectReference: {fileID: 0}
    - target: {fileID: -4796321759998269297, guid: d32b4098a9f09874b94cfd2c44b29bed, type: 3}
      propertyPath: m_AABB.m_Center.z
      value: -1.996697
      objectReference: {fileID: 0}
    - target: {fileID: -4796321759998269297, guid: d32b4098a9f09874b94cfd2c44b29bed, type: 3}
      propertyPath: m_AABB.m_Extent.x
      value: 3.1999998
      objectReference: {fileID: 0}
    - target: {fileID: -4796321759998269297, guid: d32b4098a9f09874b94cfd2c44b29bed, type: 3}
      propertyPath: m_AABB.m_Extent.y
      value: 2.0802436
      objectReference: {fileID: 0}
    - target: {fileID: -4796321759998269297, guid: d32b4098a9f09874b94cfd2c44b29bed, type: 3}
      propertyPath: m_AABB.m_Extent.z
      value: 5.596697
      objectReference: {fileID: 0}
    - target: {fileID: -4796321759998269297, guid: d32b4098a9f09874b94cfd2c44b29bed, type: 3}
      propertyPath: m_BlendShapeWeights.Array.size
      value: 1
      objectReference: {fileID: 0}
    - target: {fileID: -4796321759998269297, guid: d32b4098a9f09874b94cfd2c44b29bed, type: 3}
      propertyPath: m_BlendShapeWeights.Array.data[0]
      value: 100
      objectReference: {fileID: 0}
    - target: {fileID: 919132149155446097, guid: d32b4098a9f09874b94cfd2c44b29bed, type: 3}
      propertyPath: m_Name
      value: Level 27
      objectReference: {fileID: 0}
    - target: {fileID: 919132149155446097, guid: d32b4098a9f09874b94cfd2c44b29bed, type: 3}
      propertyPath: m_IsActive
      value: 0
      objectReference: {fileID: 0}
    m_RemovedComponents: []
  m_SourcePrefab: {fileID: 100100000, guid: d32b4098a9f09874b94cfd2c44b29bed, type: 3}
--- !u!1001 &724455583
PrefabInstance:
  m_ObjectHideFlags: 0
  serializedVersion: 2
  m_Modification:
    m_TransformParent: {fileID: 0}
    m_Modifications:
    - target: {fileID: -8679921383154817045, guid: 6c59c28fca10d8149b69f996129869e8, type: 3}
      propertyPath: m_RootOrder
      value: 20
      objectReference: {fileID: 0}
    - target: {fileID: -8679921383154817045, guid: 6c59c28fca10d8149b69f996129869e8, type: 3}
      propertyPath: m_LocalPosition.x
      value: -0.08069998
      objectReference: {fileID: 0}
    - target: {fileID: -8679921383154817045, guid: 6c59c28fca10d8149b69f996129869e8, type: 3}
      propertyPath: m_LocalPosition.y
      value: 0
      objectReference: {fileID: 0}
    - target: {fileID: -8679921383154817045, guid: 6c59c28fca10d8149b69f996129869e8, type: 3}
      propertyPath: m_LocalPosition.z
      value: 0.08069892
      objectReference: {fileID: 0}
    - target: {fileID: -8679921383154817045, guid: 6c59c28fca10d8149b69f996129869e8, type: 3}
      propertyPath: m_LocalRotation.w
      value: 0.00000017881392
      objectReference: {fileID: 0}
    - target: {fileID: -8679921383154817045, guid: 6c59c28fca10d8149b69f996129869e8, type: 3}
      propertyPath: m_LocalRotation.x
      value: -0
      objectReference: {fileID: 0}
    - target: {fileID: -8679921383154817045, guid: 6c59c28fca10d8149b69f996129869e8, type: 3}
      propertyPath: m_LocalRotation.y
      value: -1
      objectReference: {fileID: 0}
    - target: {fileID: -8679921383154817045, guid: 6c59c28fca10d8149b69f996129869e8, type: 3}
      propertyPath: m_LocalRotation.z
      value: -0
      objectReference: {fileID: 0}
    - target: {fileID: -8679921383154817045, guid: 6c59c28fca10d8149b69f996129869e8, type: 3}
      propertyPath: m_LocalEulerAnglesHint.x
      value: 0
      objectReference: {fileID: 0}
    - target: {fileID: -8679921383154817045, guid: 6c59c28fca10d8149b69f996129869e8, type: 3}
      propertyPath: m_LocalEulerAnglesHint.y
      value: -180
      objectReference: {fileID: 0}
    - target: {fileID: -8679921383154817045, guid: 6c59c28fca10d8149b69f996129869e8, type: 3}
      propertyPath: m_LocalEulerAnglesHint.z
      value: 0
      objectReference: {fileID: 0}
    - target: {fileID: -5338648567718323823, guid: 6c59c28fca10d8149b69f996129869e8, type: 3}
      propertyPath: m_DirtyAABB
      value: 0
      objectReference: {fileID: 0}
    - target: {fileID: -5338648567718323823, guid: 6c59c28fca10d8149b69f996129869e8, type: 3}
      propertyPath: m_AABB.m_Center.x
      value: 0.58304024
      objectReference: {fileID: 0}
    - target: {fileID: -5338648567718323823, guid: 6c59c28fca10d8149b69f996129869e8, type: 3}
      propertyPath: m_AABB.m_Center.y
      value: 2.3845341
      objectReference: {fileID: 0}
    - target: {fileID: -5338648567718323823, guid: 6c59c28fca10d8149b69f996129869e8, type: 3}
      propertyPath: m_AABB.m_Center.z
      value: -0.8490746
      objectReference: {fileID: 0}
    - target: {fileID: -5338648567718323823, guid: 6c59c28fca10d8149b69f996129869e8, type: 3}
      propertyPath: m_AABB.m_Extent.x
      value: 7.487011
      objectReference: {fileID: 0}
    - target: {fileID: -5338648567718323823, guid: 6c59c28fca10d8149b69f996129869e8, type: 3}
      propertyPath: m_AABB.m_Extent.y
      value: 2.3895342
      objectReference: {fileID: 0}
    - target: {fileID: -5338648567718323823, guid: 6c59c28fca10d8149b69f996129869e8, type: 3}
      propertyPath: m_AABB.m_Extent.z
      value: 8.340485
      objectReference: {fileID: 0}
    - target: {fileID: -5338648567718323823, guid: 6c59c28fca10d8149b69f996129869e8, type: 3}
      propertyPath: m_BlendShapeWeights.Array.size
      value: 1
      objectReference: {fileID: 0}
    - target: {fileID: -5338648567718323823, guid: 6c59c28fca10d8149b69f996129869e8, type: 3}
      propertyPath: m_BlendShapeWeights.Array.data[0]
      value: 100
      objectReference: {fileID: 0}
    - target: {fileID: -4796321759998269297, guid: 6c59c28fca10d8149b69f996129869e8, type: 3}
      propertyPath: m_DirtyAABB
      value: 0
      objectReference: {fileID: 0}
    - target: {fileID: -4796321759998269297, guid: 6c59c28fca10d8149b69f996129869e8, type: 3}
      propertyPath: m_AABB.m_Center.x
      value: -0.053593397
      objectReference: {fileID: 0}
    - target: {fileID: -4796321759998269297, guid: 6c59c28fca10d8149b69f996129869e8, type: 3}
      propertyPath: m_AABB.m_Center.y
      value: 1.613244
      objectReference: {fileID: 0}
    - target: {fileID: -4796321759998269297, guid: 6c59c28fca10d8149b69f996129869e8, type: 3}
      propertyPath: m_AABB.m_Center.z
      value: 1.300098
      objectReference: {fileID: 0}
    - target: {fileID: -4796321759998269297, guid: 6c59c28fca10d8149b69f996129869e8, type: 3}
      propertyPath: m_AABB.m_Extent.x
      value: 5.0119314
      objectReference: {fileID: 0}
    - target: {fileID: -4796321759998269297, guid: 6c59c28fca10d8149b69f996129869e8, type: 3}
      propertyPath: m_AABB.m_Extent.y
      value: 2.7287722
      objectReference: {fileID: 0}
    - target: {fileID: -4796321759998269297, guid: 6c59c28fca10d8149b69f996129869e8, type: 3}
      propertyPath: m_AABB.m_Extent.z
      value: 5.7226977
      objectReference: {fileID: 0}
    - target: {fileID: -4796321759998269297, guid: 6c59c28fca10d8149b69f996129869e8, type: 3}
      propertyPath: m_BlendShapeWeights.Array.size
      value: 1
      objectReference: {fileID: 0}
    - target: {fileID: -4796321759998269297, guid: 6c59c28fca10d8149b69f996129869e8, type: 3}
      propertyPath: m_BlendShapeWeights.Array.data[0]
      value: 100
      objectReference: {fileID: 0}
    - target: {fileID: 705525777829356259, guid: 6c59c28fca10d8149b69f996129869e8, type: 3}
      propertyPath: m_Materials.Array.data[1]
      value: 
      objectReference: {fileID: 2100000, guid: b5876c6f132af9d40bb8bfec17dfcebc, type: 2}
    - target: {fileID: 919132149155446097, guid: 6c59c28fca10d8149b69f996129869e8, type: 3}
      propertyPath: m_Name
      value: Level 35
      objectReference: {fileID: 0}
    m_RemovedComponents: []
  m_SourcePrefab: {fileID: 100100000, guid: 6c59c28fca10d8149b69f996129869e8, type: 3}
--- !u!1001 &1007344458
PrefabInstance:
  m_ObjectHideFlags: 0
  serializedVersion: 2
  m_Modification:
    m_TransformParent: {fileID: 0}
    m_Modifications:
    - target: {fileID: -8679921383154817045, guid: 3bfa29f740705bf4d8366ad2e987bd03, type: 3}
      propertyPath: m_RootOrder
      value: 14
      objectReference: {fileID: 0}
    - target: {fileID: -8679921383154817045, guid: 3bfa29f740705bf4d8366ad2e987bd03, type: 3}
      propertyPath: m_LocalPosition.x
      value: 0
      objectReference: {fileID: 0}
    - target: {fileID: -8679921383154817045, guid: 3bfa29f740705bf4d8366ad2e987bd03, type: 3}
      propertyPath: m_LocalPosition.y
      value: 0
      objectReference: {fileID: 0}
    - target: {fileID: -8679921383154817045, guid: 3bfa29f740705bf4d8366ad2e987bd03, type: 3}
      propertyPath: m_LocalPosition.z
      value: 0
      objectReference: {fileID: 0}
    - target: {fileID: -8679921383154817045, guid: 3bfa29f740705bf4d8366ad2e987bd03, type: 3}
      propertyPath: m_LocalRotation.w
      value: 0.00000058114523
      objectReference: {fileID: 0}
    - target: {fileID: -8679921383154817045, guid: 3bfa29f740705bf4d8366ad2e987bd03, type: 3}
      propertyPath: m_LocalRotation.x
      value: -0
      objectReference: {fileID: 0}
    - target: {fileID: -8679921383154817045, guid: 3bfa29f740705bf4d8366ad2e987bd03, type: 3}
      propertyPath: m_LocalRotation.y
      value: -1
      objectReference: {fileID: 0}
    - target: {fileID: -8679921383154817045, guid: 3bfa29f740705bf4d8366ad2e987bd03, type: 3}
      propertyPath: m_LocalRotation.z
      value: -0
      objectReference: {fileID: 0}
    - target: {fileID: -8679921383154817045, guid: 3bfa29f740705bf4d8366ad2e987bd03, type: 3}
      propertyPath: m_LocalEulerAnglesHint.x
      value: 0
      objectReference: {fileID: 0}
    - target: {fileID: -8679921383154817045, guid: 3bfa29f740705bf4d8366ad2e987bd03, type: 3}
      propertyPath: m_LocalEulerAnglesHint.y
      value: -180
      objectReference: {fileID: 0}
    - target: {fileID: -8679921383154817045, guid: 3bfa29f740705bf4d8366ad2e987bd03, type: 3}
      propertyPath: m_LocalEulerAnglesHint.z
      value: 0
      objectReference: {fileID: 0}
    - target: {fileID: -4796321759998269297, guid: 3bfa29f740705bf4d8366ad2e987bd03, type: 3}
      propertyPath: m_DirtyAABB
      value: 0
      objectReference: {fileID: 0}
    - target: {fileID: -4796321759998269297, guid: 3bfa29f740705bf4d8366ad2e987bd03, type: 3}
      propertyPath: m_AABB.m_Center.x
      value: -0.0043070316
      objectReference: {fileID: 0}
    - target: {fileID: -4796321759998269297, guid: 3bfa29f740705bf4d8366ad2e987bd03, type: 3}
      propertyPath: m_AABB.m_Center.y
      value: 1.0550716
      objectReference: {fileID: 0}
    - target: {fileID: -4796321759998269297, guid: 3bfa29f740705bf4d8366ad2e987bd03, type: 3}
      propertyPath: m_AABB.m_Extent.x
      value: 4.877407
      objectReference: {fileID: 0}
    - target: {fileID: -4796321759998269297, guid: 3bfa29f740705bf4d8366ad2e987bd03, type: 3}
      propertyPath: m_AABB.m_Extent.y
      value: 1.0600717
      objectReference: {fileID: 0}
    - target: {fileID: -4796321759998269297, guid: 3bfa29f740705bf4d8366ad2e987bd03, type: 3}
      propertyPath: m_AABB.m_Extent.z
      value: 2.5308373
      objectReference: {fileID: 0}
    - target: {fileID: -4796321759998269297, guid: 3bfa29f740705bf4d8366ad2e987bd03, type: 3}
      propertyPath: m_BlendShapeWeights.Array.size
      value: 1
      objectReference: {fileID: 0}
    - target: {fileID: -4796321759998269297, guid: 3bfa29f740705bf4d8366ad2e987bd03, type: 3}
      propertyPath: m_BlendShapeWeights.Array.data[0]
      value: 100
      objectReference: {fileID: 0}
    - target: {fileID: 919132149155446097, guid: 3bfa29f740705bf4d8366ad2e987bd03, type: 3}
      propertyPath: m_Name
      value: Level 28
      objectReference: {fileID: 0}
    - target: {fileID: 919132149155446097, guid: 3bfa29f740705bf4d8366ad2e987bd03, type: 3}
      propertyPath: m_IsActive
      value: 0
      objectReference: {fileID: 0}
    m_RemovedComponents: []
  m_SourcePrefab: {fileID: 100100000, guid: 3bfa29f740705bf4d8366ad2e987bd03, type: 3}
--- !u!1001 &1078477400
PrefabInstance:
  m_ObjectHideFlags: 0
  serializedVersion: 2
  m_Modification:
    m_TransformParent: {fileID: 0}
    m_Modifications:
    - target: {fileID: -8679921383154817045, guid: 9f0f1635cdf61bf4f858e15600e666e8, type: 3}
      propertyPath: m_RootOrder
      value: 8
      objectReference: {fileID: 0}
    - target: {fileID: -8679921383154817045, guid: 9f0f1635cdf61bf4f858e15600e666e8, type: 3}
      propertyPath: m_LocalPosition.x
      value: 0
      objectReference: {fileID: 0}
    - target: {fileID: -8679921383154817045, guid: 9f0f1635cdf61bf4f858e15600e666e8, type: 3}
      propertyPath: m_LocalPosition.y
      value: 0
      objectReference: {fileID: 0}
    - target: {fileID: -8679921383154817045, guid: 9f0f1635cdf61bf4f858e15600e666e8, type: 3}
      propertyPath: m_LocalPosition.z
      value: 0
      objectReference: {fileID: 0}
    - target: {fileID: -8679921383154817045, guid: 9f0f1635cdf61bf4f858e15600e666e8, type: 3}
      propertyPath: m_LocalRotation.w
      value: 0.0000005513429
      objectReference: {fileID: 0}
    - target: {fileID: -8679921383154817045, guid: 9f0f1635cdf61bf4f858e15600e666e8, type: 3}
      propertyPath: m_LocalRotation.x
      value: -0
      objectReference: {fileID: 0}
    - target: {fileID: -8679921383154817045, guid: 9f0f1635cdf61bf4f858e15600e666e8, type: 3}
      propertyPath: m_LocalRotation.y
      value: -1
      objectReference: {fileID: 0}
    - target: {fileID: -8679921383154817045, guid: 9f0f1635cdf61bf4f858e15600e666e8, type: 3}
      propertyPath: m_LocalRotation.z
      value: -0
      objectReference: {fileID: 0}
    - target: {fileID: -8679921383154817045, guid: 9f0f1635cdf61bf4f858e15600e666e8, type: 3}
      propertyPath: m_LocalEulerAnglesHint.x
      value: 0
      objectReference: {fileID: 0}
    - target: {fileID: -8679921383154817045, guid: 9f0f1635cdf61bf4f858e15600e666e8, type: 3}
      propertyPath: m_LocalEulerAnglesHint.y
      value: -180
      objectReference: {fileID: 0}
    - target: {fileID: -8679921383154817045, guid: 9f0f1635cdf61bf4f858e15600e666e8, type: 3}
      propertyPath: m_LocalEulerAnglesHint.z
      value: 0
      objectReference: {fileID: 0}
    - target: {fileID: -4796321759998269297, guid: 9f0f1635cdf61bf4f858e15600e666e8, type: 3}
      propertyPath: m_DirtyAABB
      value: 0
      objectReference: {fileID: 0}
    - target: {fileID: -4796321759998269297, guid: 9f0f1635cdf61bf4f858e15600e666e8, type: 3}
      propertyPath: m_AABB.m_Center.x
      value: 3.17311
      objectReference: {fileID: 0}
    - target: {fileID: -4796321759998269297, guid: 9f0f1635cdf61bf4f858e15600e666e8, type: 3}
      propertyPath: m_AABB.m_Center.y
      value: 0.000021338463
      objectReference: {fileID: 0}
    - target: {fileID: -4796321759998269297, guid: 9f0f1635cdf61bf4f858e15600e666e8, type: 3}
      propertyPath: m_AABB.m_Center.z
      value: 1.7760754
      objectReference: {fileID: 0}
    - target: {fileID: -4796321759998269297, guid: 9f0f1635cdf61bf4f858e15600e666e8, type: 3}
      propertyPath: m_AABB.m_Extent.x
      value: 5.026843
      objectReference: {fileID: 0}
    - target: {fileID: -4796321759998269297, guid: 9f0f1635cdf61bf4f858e15600e666e8, type: 3}
      propertyPath: m_AABB.m_Extent.y
      value: 1.1997908
      objectReference: {fileID: 0}
    - target: {fileID: -4796321759998269297, guid: 9f0f1635cdf61bf4f858e15600e666e8, type: 3}
      propertyPath: m_AABB.m_Extent.z
      value: 4.5079937
      objectReference: {fileID: 0}
    - target: {fileID: -4796321759998269297, guid: 9f0f1635cdf61bf4f858e15600e666e8, type: 3}
      propertyPath: m_BlendShapeWeights.Array.size
      value: 1
      objectReference: {fileID: 0}
    - target: {fileID: -4796321759998269297, guid: 9f0f1635cdf61bf4f858e15600e666e8, type: 3}
      propertyPath: m_BlendShapeWeights.Array.data[0]
      value: 100
      objectReference: {fileID: 0}
    - target: {fileID: 919132149155446097, guid: 9f0f1635cdf61bf4f858e15600e666e8, type: 3}
      propertyPath: m_Name
      value: Level 22
      objectReference: {fileID: 0}
    - target: {fileID: 919132149155446097, guid: 9f0f1635cdf61bf4f858e15600e666e8, type: 3}
      propertyPath: m_IsActive
      value: 0
      objectReference: {fileID: 0}
    m_RemovedComponents: []
  m_SourcePrefab: {fileID: 100100000, guid: 9f0f1635cdf61bf4f858e15600e666e8, type: 3}
--- !u!1001 &1079179827
PrefabInstance:
  m_ObjectHideFlags: 0
  serializedVersion: 2
  m_Modification:
    m_TransformParent: {fileID: 0}
    m_Modifications:
    - target: {fileID: -8679921383154817045, guid: db116ee6b0099a640a4a6e45f6f14252, type: 3}
      propertyPath: m_RootOrder
      value: 15
      objectReference: {fileID: 0}
    - target: {fileID: -8679921383154817045, guid: db116ee6b0099a640a4a6e45f6f14252, type: 3}
      propertyPath: m_LocalPosition.x
      value: -0.061800957
      objectReference: {fileID: 0}
    - target: {fileID: -8679921383154817045, guid: db116ee6b0099a640a4a6e45f6f14252, type: 3}
      propertyPath: m_LocalPosition.y
      value: 0
      objectReference: {fileID: 0}
    - target: {fileID: -8679921383154817045, guid: db116ee6b0099a640a4a6e45f6f14252, type: 3}
      propertyPath: m_LocalPosition.z
      value: -0.000000005899118
      objectReference: {fileID: 0}
    - target: {fileID: -8679921383154817045, guid: db116ee6b0099a640a4a6e45f6f14252, type: 3}
      propertyPath: m_LocalRotation.w
      value: 0.00000058114523
      objectReference: {fileID: 0}
    - target: {fileID: -8679921383154817045, guid: db116ee6b0099a640a4a6e45f6f14252, type: 3}
      propertyPath: m_LocalRotation.x
      value: -0
      objectReference: {fileID: 0}
    - target: {fileID: -8679921383154817045, guid: db116ee6b0099a640a4a6e45f6f14252, type: 3}
      propertyPath: m_LocalRotation.y
      value: -1
      objectReference: {fileID: 0}
    - target: {fileID: -8679921383154817045, guid: db116ee6b0099a640a4a6e45f6f14252, type: 3}
      propertyPath: m_LocalRotation.z
      value: -0
      objectReference: {fileID: 0}
    - target: {fileID: -8679921383154817045, guid: db116ee6b0099a640a4a6e45f6f14252, type: 3}
      propertyPath: m_LocalEulerAnglesHint.x
      value: 0
      objectReference: {fileID: 0}
    - target: {fileID: -8679921383154817045, guid: db116ee6b0099a640a4a6e45f6f14252, type: 3}
      propertyPath: m_LocalEulerAnglesHint.y
      value: -180
      objectReference: {fileID: 0}
    - target: {fileID: -8679921383154817045, guid: db116ee6b0099a640a4a6e45f6f14252, type: 3}
      propertyPath: m_LocalEulerAnglesHint.z
      value: 0
      objectReference: {fileID: 0}
    - target: {fileID: -5338648567718323823, guid: db116ee6b0099a640a4a6e45f6f14252, type: 3}
      propertyPath: m_DirtyAABB
      value: 0
      objectReference: {fileID: 0}
    - target: {fileID: -5338648567718323823, guid: db116ee6b0099a640a4a6e45f6f14252, type: 3}
      propertyPath: m_AABB.m_Center.x
      value: -1.313523
      objectReference: {fileID: 0}
    - target: {fileID: -5338648567718323823, guid: db116ee6b0099a640a4a6e45f6f14252, type: 3}
      propertyPath: m_AABB.m_Center.y
      value: 3.0938065
      objectReference: {fileID: 0}
    - target: {fileID: -5338648567718323823, guid: db116ee6b0099a640a4a6e45f6f14252, type: 3}
      propertyPath: m_AABB.m_Extent.x
      value: 6.489996
      objectReference: {fileID: 0}
    - target: {fileID: -5338648567718323823, guid: db116ee6b0099a640a4a6e45f6f14252, type: 3}
      propertyPath: m_AABB.m_Extent.y
      value: 3.1131465
      objectReference: {fileID: 0}
    - target: {fileID: -5338648567718323823, guid: db116ee6b0099a640a4a6e45f6f14252, type: 3}
      propertyPath: m_AABB.m_Extent.z
      value: 1.9969349
      objectReference: {fileID: 0}
    - target: {fileID: -5338648567718323823, guid: db116ee6b0099a640a4a6e45f6f14252, type: 3}
      propertyPath: m_BlendShapeWeights.Array.size
      value: 1
      objectReference: {fileID: 0}
    - target: {fileID: -5338648567718323823, guid: db116ee6b0099a640a4a6e45f6f14252, type: 3}
      propertyPath: m_BlendShapeWeights.Array.data[0]
      value: 100
      objectReference: {fileID: 0}
    - target: {fileID: -4796321759998269297, guid: db116ee6b0099a640a4a6e45f6f14252, type: 3}
      propertyPath: m_DirtyAABB
      value: 0
      objectReference: {fileID: 0}
    - target: {fileID: -4796321759998269297, guid: db116ee6b0099a640a4a6e45f6f14252, type: 3}
      propertyPath: m_AABB.m_Center.x
      value: 1.2391284
      objectReference: {fileID: 0}
    - target: {fileID: -4796321759998269297, guid: db116ee6b0099a640a4a6e45f6f14252, type: 3}
      propertyPath: m_AABB.m_Center.y
      value: 2.489389
      objectReference: {fileID: 0}
    - target: {fileID: -4796321759998269297, guid: db116ee6b0099a640a4a6e45f6f14252, type: 3}
      propertyPath: m_AABB.m_Extent.x
      value: 4.93797
      objectReference: {fileID: 0}
    - target: {fileID: -4796321759998269297, guid: db116ee6b0099a640a4a6e45f6f14252, type: 3}
      propertyPath: m_AABB.m_Extent.y
      value: 2.5106187
      objectReference: {fileID: 0}
    - target: {fileID: -4796321759998269297, guid: db116ee6b0099a640a4a6e45f6f14252, type: 3}
      propertyPath: m_AABB.m_Extent.z
      value: 2.0010457
      objectReference: {fileID: 0}
    - target: {fileID: -4796321759998269297, guid: db116ee6b0099a640a4a6e45f6f14252, type: 3}
      propertyPath: m_BlendShapeWeights.Array.size
      value: 1
      objectReference: {fileID: 0}
    - target: {fileID: -4796321759998269297, guid: db116ee6b0099a640a4a6e45f6f14252, type: 3}
      propertyPath: m_BlendShapeWeights.Array.data[0]
      value: 100
      objectReference: {fileID: 0}
    - target: {fileID: 550414091214294678, guid: db116ee6b0099a640a4a6e45f6f14252, type: 3}
      propertyPath: m_DirtyAABB
      value: 0
      objectReference: {fileID: 0}
    - target: {fileID: 550414091214294678, guid: db116ee6b0099a640a4a6e45f6f14252, type: 3}
      propertyPath: m_AABB.m_Center.x
      value: 2.0038764
      objectReference: {fileID: 0}
    - target: {fileID: 550414091214294678, guid: db116ee6b0099a640a4a6e45f6f14252, type: 3}
      propertyPath: m_AABB.m_Center.y
      value: 4.0387273
      objectReference: {fileID: 0}
    - target: {fileID: 550414091214294678, guid: db116ee6b0099a640a4a6e45f6f14252, type: 3}
      propertyPath: m_AABB.m_Extent.x
      value: 8.065678
      objectReference: {fileID: 0}
    - target: {fileID: 550414091214294678, guid: db116ee6b0099a640a4a6e45f6f14252, type: 3}
      propertyPath: m_AABB.m_Extent.y
      value: 4.059956
      objectReference: {fileID: 0}
    - target: {fileID: 550414091214294678, guid: db116ee6b0099a640a4a6e45f6f14252, type: 3}
      propertyPath: m_AABB.m_Extent.z
      value: 2.0020192
      objectReference: {fileID: 0}
    - target: {fileID: 550414091214294678, guid: db116ee6b0099a640a4a6e45f6f14252, type: 3}
      propertyPath: m_BlendShapeWeights.Array.size
      value: 1
      objectReference: {fileID: 0}
    - target: {fileID: 550414091214294678, guid: db116ee6b0099a640a4a6e45f6f14252, type: 3}
      propertyPath: m_BlendShapeWeights.Array.data[0]
      value: 100
      objectReference: {fileID: 0}
    - target: {fileID: 919132149155446097, guid: db116ee6b0099a640a4a6e45f6f14252, type: 3}
      propertyPath: m_Name
      value: Level 29
      objectReference: {fileID: 0}
    - target: {fileID: 919132149155446097, guid: db116ee6b0099a640a4a6e45f6f14252, type: 3}
      propertyPath: m_IsActive
      value: 0
      objectReference: {fileID: 0}
    m_RemovedComponents: []
  m_SourcePrefab: {fileID: 100100000, guid: db116ee6b0099a640a4a6e45f6f14252, type: 3}
--- !u!1001 &1164422305
PrefabInstance:
  m_ObjectHideFlags: 0
  serializedVersion: 2
  m_Modification:
    m_TransformParent: {fileID: 0}
    m_Modifications:
    - target: {fileID: -8679921383154817045, guid: 9ec420b9b5ee98e46bef72c9f68d6f16, type: 3}
      propertyPath: m_RootOrder
      value: 7
      objectReference: {fileID: 0}
    - target: {fileID: -8679921383154817045, guid: 9ec420b9b5ee98e46bef72c9f68d6f16, type: 3}
      propertyPath: m_LocalPosition.x
      value: 0.09442139
      objectReference: {fileID: 0}
    - target: {fileID: -8679921383154817045, guid: 9ec420b9b5ee98e46bef72c9f68d6f16, type: 3}
      propertyPath: m_LocalPosition.y
      value: 0
      objectReference: {fileID: 0}
    - target: {fileID: -8679921383154817045, guid: 9ec420b9b5ee98e46bef72c9f68d6f16, type: 3}
      propertyPath: m_LocalPosition.z
      value: 0.0000000048288005
      objectReference: {fileID: 0}
    - target: {fileID: -8679921383154817045, guid: 9ec420b9b5ee98e46bef72c9f68d6f16, type: 3}
      propertyPath: m_LocalRotation.w
      value: 0.00000058114523
      objectReference: {fileID: 0}
    - target: {fileID: -8679921383154817045, guid: 9ec420b9b5ee98e46bef72c9f68d6f16, type: 3}
      propertyPath: m_LocalRotation.x
      value: -0
      objectReference: {fileID: 0}
    - target: {fileID: -8679921383154817045, guid: 9ec420b9b5ee98e46bef72c9f68d6f16, type: 3}
      propertyPath: m_LocalRotation.y
      value: -1
      objectReference: {fileID: 0}
    - target: {fileID: -8679921383154817045, guid: 9ec420b9b5ee98e46bef72c9f68d6f16, type: 3}
      propertyPath: m_LocalRotation.z
      value: -0
      objectReference: {fileID: 0}
    - target: {fileID: -8679921383154817045, guid: 9ec420b9b5ee98e46bef72c9f68d6f16, type: 3}
      propertyPath: m_LocalEulerAnglesHint.x
      value: 0
      objectReference: {fileID: 0}
    - target: {fileID: -8679921383154817045, guid: 9ec420b9b5ee98e46bef72c9f68d6f16, type: 3}
      propertyPath: m_LocalEulerAnglesHint.y
      value: -180
      objectReference: {fileID: 0}
    - target: {fileID: -8679921383154817045, guid: 9ec420b9b5ee98e46bef72c9f68d6f16, type: 3}
      propertyPath: m_LocalEulerAnglesHint.z
      value: 0
      objectReference: {fileID: 0}
    - target: {fileID: -5338648567718323823, guid: 9ec420b9b5ee98e46bef72c9f68d6f16, type: 3}
      propertyPath: m_DirtyAABB
      value: 0
      objectReference: {fileID: 0}
    - target: {fileID: -5338648567718323823, guid: 9ec420b9b5ee98e46bef72c9f68d6f16, type: 3}
      propertyPath: m_AABB.m_Center.x
      value: 1.3105853
      objectReference: {fileID: 0}
    - target: {fileID: -5338648567718323823, guid: 9ec420b9b5ee98e46bef72c9f68d6f16, type: 3}
      propertyPath: m_AABB.m_Center.y
      value: 2.6262178
      objectReference: {fileID: 0}
    - target: {fileID: -5338648567718323823, guid: 9ec420b9b5ee98e46bef72c9f68d6f16, type: 3}
      propertyPath: m_AABB.m_Extent.x
      value: 5.7613945
      objectReference: {fileID: 0}
    - target: {fileID: -5338648567718323823, guid: 9ec420b9b5ee98e46bef72c9f68d6f16, type: 3}
      propertyPath: m_AABB.m_Extent.y
      value: 2.635519
      objectReference: {fileID: 0}
    - target: {fileID: -5338648567718323823, guid: 9ec420b9b5ee98e46bef72c9f68d6f16, type: 3}
      propertyPath: m_AABB.m_Extent.z
      value: 3.6
      objectReference: {fileID: 0}
    - target: {fileID: -5338648567718323823, guid: 9ec420b9b5ee98e46bef72c9f68d6f16, type: 3}
      propertyPath: m_BlendShapeWeights.Array.size
      value: 1
      objectReference: {fileID: 0}
    - target: {fileID: -5338648567718323823, guid: 9ec420b9b5ee98e46bef72c9f68d6f16, type: 3}
      propertyPath: m_BlendShapeWeights.Array.data[0]
      value: 0
      objectReference: {fileID: 0}
    - target: {fileID: -4796321759998269297, guid: 9ec420b9b5ee98e46bef72c9f68d6f16, type: 3}
      propertyPath: m_DirtyAABB
      value: 0
      objectReference: {fileID: 0}
    - target: {fileID: -4796321759998269297, guid: 9ec420b9b5ee98e46bef72c9f68d6f16, type: 3}
      propertyPath: m_AABB.m_Center.x
      value: -1.1813514
      objectReference: {fileID: 0}
    - target: {fileID: -4796321759998269297, guid: 9ec420b9b5ee98e46bef72c9f68d6f16, type: 3}
      propertyPath: m_AABB.m_Center.y
      value: 2.7616725
      objectReference: {fileID: 0}
    - target: {fileID: -4796321759998269297, guid: 9ec420b9b5ee98e46bef72c9f68d6f16, type: 3}
      propertyPath: m_AABB.m_Extent.x
      value: 5.519145
      objectReference: {fileID: 0}
    - target: {fileID: -4796321759998269297, guid: 9ec420b9b5ee98e46bef72c9f68d6f16, type: 3}
      propertyPath: m_AABB.m_Extent.y
      value: 2.7721624
      objectReference: {fileID: 0}
    - target: {fileID: -4796321759998269297, guid: 9ec420b9b5ee98e46bef72c9f68d6f16, type: 3}
      propertyPath: m_AABB.m_Extent.z
      value: 3.758539
      objectReference: {fileID: 0}
    - target: {fileID: -4796321759998269297, guid: 9ec420b9b5ee98e46bef72c9f68d6f16, type: 3}
      propertyPath: m_BlendShapeWeights.Array.size
      value: 1
      objectReference: {fileID: 0}
    - target: {fileID: -4796321759998269297, guid: 9ec420b9b5ee98e46bef72c9f68d6f16, type: 3}
      propertyPath: m_BlendShapeWeights.Array.data[0]
      value: 0
      objectReference: {fileID: 0}
    - target: {fileID: 919132149155446097, guid: 9ec420b9b5ee98e46bef72c9f68d6f16, type: 3}
      propertyPath: m_Name
      value: Level 21
      objectReference: {fileID: 0}
    - target: {fileID: 919132149155446097, guid: 9ec420b9b5ee98e46bef72c9f68d6f16, type: 3}
      propertyPath: m_IsActive
      value: 0
      objectReference: {fileID: 0}
    m_RemovedComponents: []
  m_SourcePrefab: {fileID: 100100000, guid: 9ec420b9b5ee98e46bef72c9f68d6f16, type: 3}
--- !u!1001 &1210884615
PrefabInstance:
  m_ObjectHideFlags: 0
  serializedVersion: 2
  m_Modification:
    m_TransformParent: {fileID: 0}
    m_Modifications:
    - target: {fileID: -8679921383154817045, guid: a953746ac5ebd8c449844c359515253d, type: 3}
      propertyPath: m_RootOrder
      value: 2
      objectReference: {fileID: 0}
    - target: {fileID: -8679921383154817045, guid: a953746ac5ebd8c449844c359515253d, type: 3}
      propertyPath: m_LocalPosition.x
      value: 0.0000009536743
      objectReference: {fileID: 0}
    - target: {fileID: -8679921383154817045, guid: a953746ac5ebd8c449844c359515253d, type: 3}
      propertyPath: m_LocalPosition.y
      value: 0
      objectReference: {fileID: 0}
    - target: {fileID: -8679921383154817045, guid: a953746ac5ebd8c449844c359515253d, type: 3}
      propertyPath: m_LocalPosition.z
      value: -1.0050667e-12
      objectReference: {fileID: 0}
    - target: {fileID: -8679921383154817045, guid: a953746ac5ebd8c449844c359515253d, type: 3}
      propertyPath: m_LocalRotation.w
      value: -0.00000020861623
      objectReference: {fileID: 0}
    - target: {fileID: -8679921383154817045, guid: a953746ac5ebd8c449844c359515253d, type: 3}
      propertyPath: m_LocalRotation.x
      value: -0
      objectReference: {fileID: 0}
    - target: {fileID: -8679921383154817045, guid: a953746ac5ebd8c449844c359515253d, type: 3}
      propertyPath: m_LocalRotation.y
      value: 1
      objectReference: {fileID: 0}
    - target: {fileID: -8679921383154817045, guid: a953746ac5ebd8c449844c359515253d, type: 3}
      propertyPath: m_LocalRotation.z
      value: -0
      objectReference: {fileID: 0}
    - target: {fileID: -8679921383154817045, guid: a953746ac5ebd8c449844c359515253d, type: 3}
      propertyPath: m_LocalEulerAnglesHint.x
      value: 0
      objectReference: {fileID: 0}
    - target: {fileID: -8679921383154817045, guid: a953746ac5ebd8c449844c359515253d, type: 3}
      propertyPath: m_LocalEulerAnglesHint.y
      value: 180
      objectReference: {fileID: 0}
    - target: {fileID: -8679921383154817045, guid: a953746ac5ebd8c449844c359515253d, type: 3}
      propertyPath: m_LocalEulerAnglesHint.z
      value: 0
      objectReference: {fileID: 0}
    - target: {fileID: -866870363266275758, guid: a953746ac5ebd8c449844c359515253d, type: 3}
      propertyPath: m_Materials.Array.data[0]
      value: 
      objectReference: {fileID: 2100000, guid: 04dcdb6c9664f48598c95b8b1486c9fa, type: 2}
    - target: {fileID: 919132149155446097, guid: a953746ac5ebd8c449844c359515253d, type: 3}
      propertyPath: m_Name
      value: Level 18
      objectReference: {fileID: 0}
    - target: {fileID: 919132149155446097, guid: a953746ac5ebd8c449844c359515253d, type: 3}
      propertyPath: m_IsActive
      value: 0
      objectReference: {fileID: 0}
    - target: {fileID: 1565658653129175698, guid: a953746ac5ebd8c449844c359515253d, type: 3}
      propertyPath: m_DirtyAABB
      value: 0
      objectReference: {fileID: 0}
    - target: {fileID: 1565658653129175698, guid: a953746ac5ebd8c449844c359515253d, type: 3}
      propertyPath: m_AABB.m_Center.x
      value: -3.9519114
      objectReference: {fileID: 0}
    - target: {fileID: 1565658653129175698, guid: a953746ac5ebd8c449844c359515253d, type: 3}
      propertyPath: m_AABB.m_Center.y
      value: 1.9100417
      objectReference: {fileID: 0}
    - target: {fileID: 1565658653129175698, guid: a953746ac5ebd8c449844c359515253d, type: 3}
      propertyPath: m_AABB.m_Extent.x
      value: 9.951912
      objectReference: {fileID: 0}
    - target: {fileID: 1565658653129175698, guid: a953746ac5ebd8c449844c359515253d, type: 3}
      propertyPath: m_AABB.m_Extent.y
      value: 1.9150418
      objectReference: {fileID: 0}
    - target: {fileID: 1565658653129175698, guid: a953746ac5ebd8c449844c359515253d, type: 3}
      propertyPath: m_AABB.m_Extent.z
      value: 4.321472
      objectReference: {fileID: 0}
    - target: {fileID: 1565658653129175698, guid: a953746ac5ebd8c449844c359515253d, type: 3}
      propertyPath: m_Materials.Array.data[0]
      value: 
      objectReference: {fileID: 2100000, guid: 04dcdb6c9664f48598c95b8b1486c9fa, type: 2}
    - target: {fileID: 1565658653129175698, guid: a953746ac5ebd8c449844c359515253d, type: 3}
      propertyPath: m_BlendShapeWeights.Array.size
      value: 1
      objectReference: {fileID: 0}
    - target: {fileID: 1565658653129175698, guid: a953746ac5ebd8c449844c359515253d, type: 3}
      propertyPath: m_BlendShapeWeights.Array.data[0]
      value: 100
      objectReference: {fileID: 0}
    m_RemovedComponents: []
  m_SourcePrefab: {fileID: 100100000, guid: a953746ac5ebd8c449844c359515253d, type: 3}
--- !u!1 &1249305555
GameObject:
  m_ObjectHideFlags: 0
  m_CorrespondingSourceObject: {fileID: 0}
  m_PrefabInstance: {fileID: 0}
  m_PrefabAsset: {fileID: 0}
  serializedVersion: 6
  m_Component:
  - component: {fileID: 1249305557}
  - component: {fileID: 1249305556}
  m_Layer: 0
  m_Name: Directional Light
  m_TagString: Untagged
  m_Icon: {fileID: 0}
  m_NavMeshLayer: 0
  m_StaticEditorFlags: 0
  m_IsActive: 1
--- !u!108 &1249305556
Light:
  m_ObjectHideFlags: 0
  m_CorrespondingSourceObject: {fileID: 0}
  m_PrefabInstance: {fileID: 0}
  m_PrefabAsset: {fileID: 0}
  m_GameObject: {fileID: 1249305555}
  m_Enabled: 1
  serializedVersion: 10
  m_Type: 1
  m_Shape: 0
  m_Color: {r: 1, g: 1, b: 1, a: 1}
  m_Intensity: 1
  m_Range: 10
  m_SpotAngle: 30
  m_InnerSpotAngle: 21.80208
  m_CookieSize: 10
  m_Shadows:
    m_Type: 0
    m_Resolution: -1
    m_CustomResolution: -1
    m_Strength: 1
    m_Bias: 0.05
    m_NormalBias: 0.4
    m_NearPlane: 0.2
    m_CullingMatrixOverride:
      e00: 1
      e01: 0
      e02: 0
      e03: 0
      e10: 0
      e11: 1
      e12: 0
      e13: 0
      e20: 0
      e21: 0
      e22: 1
      e23: 0
      e30: 0
      e31: 0
      e32: 0
      e33: 1
    m_UseCullingMatrixOverride: 0
  m_Cookie: {fileID: 0}
  m_DrawHalo: 0
  m_Flare: {fileID: 0}
  m_RenderMode: 0
  m_CullingMask:
    serializedVersion: 2
    m_Bits: 4294967295
  m_RenderingLayerMask: 1
  m_Lightmapping: 4
  m_LightShadowCasterMode: 0
  m_AreaSize: {x: 1, y: 1}
  m_BounceIntensity: 1
  m_ColorTemperature: 6570
  m_UseColorTemperature: 0
  m_BoundingSphereOverride: {x: 0, y: 0, z: 0, w: 0}
  m_UseBoundingSphereOverride: 0
  m_UseViewFrustumForShadowCasterCull: 1
  m_ShadowRadius: 0
  m_ShadowAngle: 0
--- !u!4 &1249305557
Transform:
  m_ObjectHideFlags: 0
  m_CorrespondingSourceObject: {fileID: 0}
  m_PrefabInstance: {fileID: 0}
  m_PrefabAsset: {fileID: 0}
  m_GameObject: {fileID: 1249305555}
  m_LocalRotation: {x: 0.6827267, y: -0.18308932, z: 0.18293601, w: 0.6832987}
  m_LocalPosition: {x: 0, y: 3, z: 0}
  m_LocalScale: {x: 1, y: 1, z: 1}
  m_Children: []
  m_Father: {fileID: 0}
  m_RootOrder: 1
  m_LocalEulerAnglesHint: {x: 89.966, y: 0, z: 29.976}
--- !u!1001 &1290282905
PrefabInstance:
  m_ObjectHideFlags: 0
  serializedVersion: 2
  m_Modification:
    m_TransformParent: {fileID: 0}
    m_Modifications:
    - target: {fileID: -8679921383154817045, guid: 3f3ce7e87d4a6b943bfe3323fcef9476, type: 3}
      propertyPath: m_RootOrder
      value: 6
      objectReference: {fileID: 0}
    - target: {fileID: -8679921383154817045, guid: 3f3ce7e87d4a6b943bfe3323fcef9476, type: 3}
      propertyPath: m_LocalPosition.x
      value: 0
      objectReference: {fileID: 0}
    - target: {fileID: -8679921383154817045, guid: 3f3ce7e87d4a6b943bfe3323fcef9476, type: 3}
      propertyPath: m_LocalPosition.y
      value: 0
      objectReference: {fileID: 0}
    - target: {fileID: -8679921383154817045, guid: 3f3ce7e87d4a6b943bfe3323fcef9476, type: 3}
      propertyPath: m_LocalPosition.z
      value: 0
      objectReference: {fileID: 0}
    - target: {fileID: -8679921383154817045, guid: 3f3ce7e87d4a6b943bfe3323fcef9476, type: 3}
      propertyPath: m_LocalRotation.w
      value: -0.00000035762784
      objectReference: {fileID: 0}
    - target: {fileID: -8679921383154817045, guid: 3f3ce7e87d4a6b943bfe3323fcef9476, type: 3}
      propertyPath: m_LocalRotation.x
      value: -0
      objectReference: {fileID: 0}
    - target: {fileID: -8679921383154817045, guid: 3f3ce7e87d4a6b943bfe3323fcef9476, type: 3}
      propertyPath: m_LocalRotation.y
      value: -1
      objectReference: {fileID: 0}
    - target: {fileID: -8679921383154817045, guid: 3f3ce7e87d4a6b943bfe3323fcef9476, type: 3}
      propertyPath: m_LocalRotation.z
      value: -0
      objectReference: {fileID: 0}
    - target: {fileID: -8679921383154817045, guid: 3f3ce7e87d4a6b943bfe3323fcef9476, type: 3}
      propertyPath: m_LocalEulerAnglesHint.x
      value: 0
      objectReference: {fileID: 0}
    - target: {fileID: -8679921383154817045, guid: 3f3ce7e87d4a6b943bfe3323fcef9476, type: 3}
      propertyPath: m_LocalEulerAnglesHint.y
      value: -180
      objectReference: {fileID: 0}
    - target: {fileID: -8679921383154817045, guid: 3f3ce7e87d4a6b943bfe3323fcef9476, type: 3}
      propertyPath: m_LocalEulerAnglesHint.z
      value: 0
      objectReference: {fileID: 0}
    - target: {fileID: -7065431176913652173, guid: 3f3ce7e87d4a6b943bfe3323fcef9476, type: 3}
      propertyPath: m_DirtyAABB
      value: 0
      objectReference: {fileID: 0}
    - target: {fileID: -7065431176913652173, guid: 3f3ce7e87d4a6b943bfe3323fcef9476, type: 3}
      propertyPath: m_AABB.m_Center.y
      value: 0.75205886
      objectReference: {fileID: 0}
    - target: {fileID: -7065431176913652173, guid: 3f3ce7e87d4a6b943bfe3323fcef9476, type: 3}
      propertyPath: m_AABB.m_Extent.x
      value: 0.2731186
      objectReference: {fileID: 0}
    - target: {fileID: -7065431176913652173, guid: 3f3ce7e87d4a6b943bfe3323fcef9476, type: 3}
      propertyPath: m_AABB.m_Extent.y
      value: 0.75705886
      objectReference: {fileID: 0}
    - target: {fileID: -7065431176913652173, guid: 3f3ce7e87d4a6b943bfe3323fcef9476, type: 3}
      propertyPath: m_AABB.m_Extent.z
      value: 4.6948986
      objectReference: {fileID: 0}
    - target: {fileID: -7065431176913652173, guid: 3f3ce7e87d4a6b943bfe3323fcef9476, type: 3}
      propertyPath: m_BlendShapeWeights.Array.size
      value: 1
      objectReference: {fileID: 0}
    - target: {fileID: -7065431176913652173, guid: 3f3ce7e87d4a6b943bfe3323fcef9476, type: 3}
      propertyPath: m_BlendShapeWeights.Array.data[0]
      value: 100
      objectReference: {fileID: 0}
    - target: {fileID: -2422472819813480715, guid: 3f3ce7e87d4a6b943bfe3323fcef9476, type: 3}
      propertyPath: m_DirtyAABB
      value: 0
      objectReference: {fileID: 0}
    - target: {fileID: -2422472819813480715, guid: 3f3ce7e87d4a6b943bfe3323fcef9476, type: 3}
      propertyPath: m_AABB.m_Center.y
      value: 0.75205886
      objectReference: {fileID: 0}
    - target: {fileID: -2422472819813480715, guid: 3f3ce7e87d4a6b943bfe3323fcef9476, type: 3}
      propertyPath: m_AABB.m_Extent.x
      value: 0.26563537
      objectReference: {fileID: 0}
    - target: {fileID: -2422472819813480715, guid: 3f3ce7e87d4a6b943bfe3323fcef9476, type: 3}
      propertyPath: m_AABB.m_Extent.y
      value: 0.75705886
      objectReference: {fileID: 0}
    - target: {fileID: -2422472819813480715, guid: 3f3ce7e87d4a6b943bfe3323fcef9476, type: 3}
      propertyPath: m_AABB.m_Extent.z
      value: 4.6948986
      objectReference: {fileID: 0}
    - target: {fileID: -2422472819813480715, guid: 3f3ce7e87d4a6b943bfe3323fcef9476, type: 3}
      propertyPath: m_BlendShapeWeights.Array.size
      value: 1
      objectReference: {fileID: 0}
    - target: {fileID: -2422472819813480715, guid: 3f3ce7e87d4a6b943bfe3323fcef9476, type: 3}
      propertyPath: m_BlendShapeWeights.Array.data[0]
      value: 100
      objectReference: {fileID: 0}
    - target: {fileID: 919132149155446097, guid: 3f3ce7e87d4a6b943bfe3323fcef9476, type: 3}
      propertyPath: m_Name
      value: Level 20
      objectReference: {fileID: 0}
    - target: {fileID: 919132149155446097, guid: 3f3ce7e87d4a6b943bfe3323fcef9476, type: 3}
      propertyPath: m_IsActive
      value: 0
      objectReference: {fileID: 0}
    - target: {fileID: 1565658653129175698, guid: 3f3ce7e87d4a6b943bfe3323fcef9476, type: 3}
      propertyPath: m_DirtyAABB
      value: 0
      objectReference: {fileID: 0}
    - target: {fileID: 1565658653129175698, guid: 3f3ce7e87d4a6b943bfe3323fcef9476, type: 3}
      propertyPath: m_AABB.m_Center.y
      value: 0.75205886
      objectReference: {fileID: 0}
    - target: {fileID: 1565658653129175698, guid: 3f3ce7e87d4a6b943bfe3323fcef9476, type: 3}
      propertyPath: m_AABB.m_Extent.x
      value: 0.26563555
      objectReference: {fileID: 0}
    - target: {fileID: 1565658653129175698, guid: 3f3ce7e87d4a6b943bfe3323fcef9476, type: 3}
      propertyPath: m_AABB.m_Extent.y
      value: 0.75705886
      objectReference: {fileID: 0}
    - target: {fileID: 1565658653129175698, guid: 3f3ce7e87d4a6b943bfe3323fcef9476, type: 3}
      propertyPath: m_AABB.m_Extent.z
      value: 4.6948986
      objectReference: {fileID: 0}
    - target: {fileID: 1565658653129175698, guid: 3f3ce7e87d4a6b943bfe3323fcef9476, type: 3}
      propertyPath: m_BlendShapeWeights.Array.size
      value: 1
      objectReference: {fileID: 0}
    - target: {fileID: 1565658653129175698, guid: 3f3ce7e87d4a6b943bfe3323fcef9476, type: 3}
      propertyPath: m_BlendShapeWeights.Array.data[0]
      value: 100
      objectReference: {fileID: 0}
    - target: {fileID: 4217311276814875183, guid: 3f3ce7e87d4a6b943bfe3323fcef9476, type: 3}
      propertyPath: m_DirtyAABB
      value: 0
      objectReference: {fileID: 0}
    - target: {fileID: 4217311276814875183, guid: 3f3ce7e87d4a6b943bfe3323fcef9476, type: 3}
      propertyPath: m_AABB.m_Center.y
      value: 0.75205886
      objectReference: {fileID: 0}
    - target: {fileID: 4217311276814875183, guid: 3f3ce7e87d4a6b943bfe3323fcef9476, type: 3}
      propertyPath: m_AABB.m_Extent.x
      value: 0.26563567
      objectReference: {fileID: 0}
    - target: {fileID: 4217311276814875183, guid: 3f3ce7e87d4a6b943bfe3323fcef9476, type: 3}
      propertyPath: m_AABB.m_Extent.y
      value: 0.75705886
      objectReference: {fileID: 0}
    - target: {fileID: 4217311276814875183, guid: 3f3ce7e87d4a6b943bfe3323fcef9476, type: 3}
      propertyPath: m_AABB.m_Extent.z
      value: 4.6948986
      objectReference: {fileID: 0}
    - target: {fileID: 4217311276814875183, guid: 3f3ce7e87d4a6b943bfe3323fcef9476, type: 3}
      propertyPath: m_BlendShapeWeights.Array.size
      value: 1
      objectReference: {fileID: 0}
    - target: {fileID: 4217311276814875183, guid: 3f3ce7e87d4a6b943bfe3323fcef9476, type: 3}
      propertyPath: m_BlendShapeWeights.Array.data[0]
      value: 100
      objectReference: {fileID: 0}
    m_RemovedComponents: []
  m_SourcePrefab: {fileID: 100100000, guid: 3f3ce7e87d4a6b943bfe3323fcef9476, type: 3}
--- !u!1001 &1693699674
PrefabInstance:
  m_ObjectHideFlags: 0
  serializedVersion: 2
  m_Modification:
    m_TransformParent: {fileID: 0}
    m_Modifications:
    - target: {fileID: -8679921383154817045, guid: 17b870c55fc829547b0ac1da7b1b766f, type: 3}
      propertyPath: m_RootOrder
      value: 16
      objectReference: {fileID: 0}
    - target: {fileID: -8679921383154817045, guid: 17b870c55fc829547b0ac1da7b1b766f, type: 3}
      propertyPath: m_LocalPosition.x
      value: 0
      objectReference: {fileID: 0}
    - target: {fileID: -8679921383154817045, guid: 17b870c55fc829547b0ac1da7b1b766f, type: 3}
      propertyPath: m_LocalPosition.y
      value: 0
      objectReference: {fileID: 0}
    - target: {fileID: -8679921383154817045, guid: 17b870c55fc829547b0ac1da7b1b766f, type: 3}
      propertyPath: m_LocalPosition.z
      value: 0
      objectReference: {fileID: 0}
    - target: {fileID: -8679921383154817045, guid: 17b870c55fc829547b0ac1da7b1b766f, type: 3}
      propertyPath: m_LocalRotation.w
      value: 0.00000020861623
      objectReference: {fileID: 0}
    - target: {fileID: -8679921383154817045, guid: 17b870c55fc829547b0ac1da7b1b766f, type: 3}
      propertyPath: m_LocalRotation.x
      value: -0
      objectReference: {fileID: 0}
    - target: {fileID: -8679921383154817045, guid: 17b870c55fc829547b0ac1da7b1b766f, type: 3}
      propertyPath: m_LocalRotation.y
      value: -1
      objectReference: {fileID: 0}
    - target: {fileID: -8679921383154817045, guid: 17b870c55fc829547b0ac1da7b1b766f, type: 3}
      propertyPath: m_LocalRotation.z
      value: -0
      objectReference: {fileID: 0}
    - target: {fileID: -8679921383154817045, guid: 17b870c55fc829547b0ac1da7b1b766f, type: 3}
      propertyPath: m_LocalEulerAnglesHint.x
      value: 0
      objectReference: {fileID: 0}
    - target: {fileID: -8679921383154817045, guid: 17b870c55fc829547b0ac1da7b1b766f, type: 3}
      propertyPath: m_LocalEulerAnglesHint.y
      value: -180
      objectReference: {fileID: 0}
    - target: {fileID: -8679921383154817045, guid: 17b870c55fc829547b0ac1da7b1b766f, type: 3}
      propertyPath: m_LocalEulerAnglesHint.z
      value: 0
      objectReference: {fileID: 0}
    - target: {fileID: -4796321759998269297, guid: 17b870c55fc829547b0ac1da7b1b766f, type: 3}
      propertyPath: m_DirtyAABB
      value: 0
      objectReference: {fileID: 0}
    - target: {fileID: -4796321759998269297, guid: 17b870c55fc829547b0ac1da7b1b766f, type: 3}
      propertyPath: m_AABB.m_Center.y
      value: 1.2925863
      objectReference: {fileID: 0}
    - target: {fileID: -4796321759998269297, guid: 17b870c55fc829547b0ac1da7b1b766f, type: 3}
      propertyPath: m_AABB.m_Center.z
      value: -0.95333815
      objectReference: {fileID: 0}
    - target: {fileID: -4796321759998269297, guid: 17b870c55fc829547b0ac1da7b1b766f, type: 3}
      propertyPath: m_AABB.m_Extent.x
      value: 3.5818682
      objectReference: {fileID: 0}
    - target: {fileID: -4796321759998269297, guid: 17b870c55fc829547b0ac1da7b1b766f, type: 3}
      propertyPath: m_AABB.m_Extent.y
      value: 1.2975864
      objectReference: {fileID: 0}
    - target: {fileID: -4796321759998269297, guid: 17b870c55fc829547b0ac1da7b1b766f, type: 3}
      propertyPath: m_AABB.m_Extent.z
      value: 5.094765
      objectReference: {fileID: 0}
    - target: {fileID: -4796321759998269297, guid: 17b870c55fc829547b0ac1da7b1b766f, type: 3}
      propertyPath: m_BlendShapeWeights.Array.size
      value: 1
      objectReference: {fileID: 0}
    - target: {fileID: -4796321759998269297, guid: 17b870c55fc829547b0ac1da7b1b766f, type: 3}
      propertyPath: m_BlendShapeWeights.Array.data[0]
      value: 0
      objectReference: {fileID: 0}
    - target: {fileID: 919132149155446097, guid: 17b870c55fc829547b0ac1da7b1b766f, type: 3}
      propertyPath: m_Name
      value: Level 30
      objectReference: {fileID: 0}
    - target: {fileID: 919132149155446097, guid: 17b870c55fc829547b0ac1da7b1b766f, type: 3}
      propertyPath: m_IsActive
      value: 0
      objectReference: {fileID: 0}
    m_RemovedComponents: []
  m_SourcePrefab: {fileID: 100100000, guid: 17b870c55fc829547b0ac1da7b1b766f, type: 3}
--- !u!1001 &1765116649
PrefabInstance:
  m_ObjectHideFlags: 0
  serializedVersion: 2
  m_Modification:
    m_TransformParent: {fileID: 0}
    m_Modifications:
    - target: {fileID: -8679921383154817045, guid: a153eb17054497844a33add6391d71c3, type: 3}
      propertyPath: m_RootOrder
      value: 11
      objectReference: {fileID: 0}
    - target: {fileID: -8679921383154817045, guid: a153eb17054497844a33add6391d71c3, type: 3}
      propertyPath: m_LocalPosition.x
      value: 0
      objectReference: {fileID: 0}
    - target: {fileID: -8679921383154817045, guid: a153eb17054497844a33add6391d71c3, type: 3}
      propertyPath: m_LocalPosition.y
      value: 0
      objectReference: {fileID: 0}
    - target: {fileID: -8679921383154817045, guid: a153eb17054497844a33add6391d71c3, type: 3}
      propertyPath: m_LocalPosition.z
      value: 0
      objectReference: {fileID: 0}
    - target: {fileID: -8679921383154817045, guid: a153eb17054497844a33add6391d71c3, type: 3}
      propertyPath: m_LocalRotation.w
      value: 0.00000058114523
      objectReference: {fileID: 0}
    - target: {fileID: -8679921383154817045, guid: a153eb17054497844a33add6391d71c3, type: 3}
      propertyPath: m_LocalRotation.x
      value: -0
      objectReference: {fileID: 0}
    - target: {fileID: -8679921383154817045, guid: a153eb17054497844a33add6391d71c3, type: 3}
      propertyPath: m_LocalRotation.y
      value: -1
      objectReference: {fileID: 0}
    - target: {fileID: -8679921383154817045, guid: a153eb17054497844a33add6391d71c3, type: 3}
      propertyPath: m_LocalRotation.z
      value: -0
      objectReference: {fileID: 0}
    - target: {fileID: -8679921383154817045, guid: a153eb17054497844a33add6391d71c3, type: 3}
      propertyPath: m_LocalEulerAnglesHint.x
      value: 0
      objectReference: {fileID: 0}
    - target: {fileID: -8679921383154817045, guid: a153eb17054497844a33add6391d71c3, type: 3}
      propertyPath: m_LocalEulerAnglesHint.y
      value: -180
      objectReference: {fileID: 0}
    - target: {fileID: -8679921383154817045, guid: a153eb17054497844a33add6391d71c3, type: 3}
      propertyPath: m_LocalEulerAnglesHint.z
      value: 0
      objectReference: {fileID: 0}
    - target: {fileID: -4796321759998269297, guid: a153eb17054497844a33add6391d71c3, type: 3}
      propertyPath: m_DirtyAABB
      value: 0
      objectReference: {fileID: 0}
    - target: {fileID: -4796321759998269297, guid: a153eb17054497844a33add6391d71c3, type: 3}
      propertyPath: m_AABB.m_Center.x
      value: -0.63951826
      objectReference: {fileID: 0}
    - target: {fileID: -4796321759998269297, guid: a153eb17054497844a33add6391d71c3, type: 3}
      propertyPath: m_AABB.m_Center.y
      value: 1.620485
      objectReference: {fileID: 0}
    - target: {fileID: -4796321759998269297, guid: a153eb17054497844a33add6391d71c3, type: 3}
      propertyPath: m_AABB.m_Extent.x
      value: 7.5274234
      objectReference: {fileID: 0}
    - target: {fileID: -4796321759998269297, guid: a153eb17054497844a33add6391d71c3, type: 3}
      propertyPath: m_AABB.m_Extent.y
      value: 1.6254851
      objectReference: {fileID: 0}
    - target: {fileID: -4796321759998269297, guid: a153eb17054497844a33add6391d71c3, type: 3}
      propertyPath: m_AABB.m_Extent.z
      value: 2.5428479
      objectReference: {fileID: 0}
    - target: {fileID: -4796321759998269297, guid: a153eb17054497844a33add6391d71c3, type: 3}
      propertyPath: m_BlendShapeWeights.Array.size
      value: 1
      objectReference: {fileID: 0}
    - target: {fileID: -4796321759998269297, guid: a153eb17054497844a33add6391d71c3, type: 3}
      propertyPath: m_BlendShapeWeights.Array.data[0]
      value: 100
      objectReference: {fileID: 0}
    - target: {fileID: 919132149155446097, guid: a153eb17054497844a33add6391d71c3, type: 3}
      propertyPath: m_Name
      value: Level 25
      objectReference: {fileID: 0}
    - target: {fileID: 919132149155446097, guid: a153eb17054497844a33add6391d71c3, type: 3}
      propertyPath: m_IsActive
      value: 0
      objectReference: {fileID: 0}
    m_RemovedComponents: []
  m_SourcePrefab: {fileID: 100100000, guid: a153eb17054497844a33add6391d71c3, type: 3}
--- !u!1001 &1766164067
PrefabInstance:
  m_ObjectHideFlags: 0
  serializedVersion: 2
  m_Modification:
    m_TransformParent: {fileID: 0}
    m_Modifications:
    - target: {fileID: -8679921383154817045, guid: ac9081360c210e144a2a8c95e5edb095, type: 3}
      propertyPath: m_RootOrder
      value: 17
      objectReference: {fileID: 0}
    - target: {fileID: -8679921383154817045, guid: ac9081360c210e144a2a8c95e5edb095, type: 3}
      propertyPath: m_LocalPosition.x
      value: 0
      objectReference: {fileID: 0}
    - target: {fileID: -8679921383154817045, guid: ac9081360c210e144a2a8c95e5edb095, type: 3}
      propertyPath: m_LocalPosition.y
      value: 0
      objectReference: {fileID: 0}
    - target: {fileID: -8679921383154817045, guid: ac9081360c210e144a2a8c95e5edb095, type: 3}
      propertyPath: m_LocalPosition.z
      value: 0
      objectReference: {fileID: 0}
    - target: {fileID: -8679921383154817045, guid: ac9081360c210e144a2a8c95e5edb095, type: 3}
      propertyPath: m_LocalRotation.w
      value: 0.00000058114523
      objectReference: {fileID: 0}
    - target: {fileID: -8679921383154817045, guid: ac9081360c210e144a2a8c95e5edb095, type: 3}
      propertyPath: m_LocalRotation.x
      value: -0
      objectReference: {fileID: 0}
    - target: {fileID: -8679921383154817045, guid: ac9081360c210e144a2a8c95e5edb095, type: 3}
      propertyPath: m_LocalRotation.y
      value: -1
      objectReference: {fileID: 0}
    - target: {fileID: -8679921383154817045, guid: ac9081360c210e144a2a8c95e5edb095, type: 3}
      propertyPath: m_LocalRotation.z
      value: -0
      objectReference: {fileID: 0}
    - target: {fileID: -8679921383154817045, guid: ac9081360c210e144a2a8c95e5edb095, type: 3}
      propertyPath: m_LocalEulerAnglesHint.x
      value: 0
      objectReference: {fileID: 0}
    - target: {fileID: -8679921383154817045, guid: ac9081360c210e144a2a8c95e5edb095, type: 3}
      propertyPath: m_LocalEulerAnglesHint.y
      value: -180
      objectReference: {fileID: 0}
    - target: {fileID: -8679921383154817045, guid: ac9081360c210e144a2a8c95e5edb095, type: 3}
      propertyPath: m_LocalEulerAnglesHint.z
      value: 0
      objectReference: {fileID: 0}
    - target: {fileID: -4796321759998269297, guid: ac9081360c210e144a2a8c95e5edb095, type: 3}
      propertyPath: m_DirtyAABB
      value: 0
      objectReference: {fileID: 0}
    - target: {fileID: -4796321759998269297, guid: ac9081360c210e144a2a8c95e5edb095, type: 3}
      propertyPath: m_AABB.m_Center.x
      value: -0.86887336
      objectReference: {fileID: 0}
    - target: {fileID: -4796321759998269297, guid: ac9081360c210e144a2a8c95e5edb095, type: 3}
      propertyPath: m_AABB.m_Center.y
      value: 1.7111617
      objectReference: {fileID: 0}
    - target: {fileID: -4796321759998269297, guid: ac9081360c210e144a2a8c95e5edb095, type: 3}
      propertyPath: m_AABB.m_Extent.x
      value: 4.468873
      objectReference: {fileID: 0}
    - target: {fileID: -4796321759998269297, guid: ac9081360c210e144a2a8c95e5edb095, type: 3}
      propertyPath: m_AABB.m_Extent.y
      value: 1.7186826
      objectReference: {fileID: 0}
    - target: {fileID: -4796321759998269297, guid: ac9081360c210e144a2a8c95e5edb095, type: 3}
      propertyPath: m_AABB.m_Extent.z
      value: 3.3332622
      objectReference: {fileID: 0}
    - target: {fileID: -4796321759998269297, guid: ac9081360c210e144a2a8c95e5edb095, type: 3}
      propertyPath: m_BlendShapeWeights.Array.size
      value: 1
      objectReference: {fileID: 0}
    - target: {fileID: -4796321759998269297, guid: ac9081360c210e144a2a8c95e5edb095, type: 3}
      propertyPath: m_BlendShapeWeights.Array.data[0]
      value: 100
      objectReference: {fileID: 0}
    - target: {fileID: 919132149155446097, guid: ac9081360c210e144a2a8c95e5edb095, type: 3}
      propertyPath: m_Name
      value: Level 31
      objectReference: {fileID: 0}
    - target: {fileID: 919132149155446097, guid: ac9081360c210e144a2a8c95e5edb095, type: 3}
      propertyPath: m_IsActive
      value: 0
      objectReference: {fileID: 0}
    m_RemovedComponents: []
  m_SourcePrefab: {fileID: 100100000, guid: ac9081360c210e144a2a8c95e5edb095, type: 3}
--- !u!1001 &1770808621
PrefabInstance:
  m_ObjectHideFlags: 0
  serializedVersion: 2
  m_Modification:
    m_TransformParent: {fileID: 0}
    m_Modifications:
    - target: {fileID: -8679921383154817045, guid: 6b0528b68e34f01448d52a18f3734531, type: 3}
      propertyPath: m_RootOrder
      value: 5
      objectReference: {fileID: 0}
    - target: {fileID: -8679921383154817045, guid: 6b0528b68e34f01448d52a18f3734531, type: 3}
      propertyPath: m_LocalPosition.x
      value: 0
      objectReference: {fileID: 0}
    - target: {fileID: -8679921383154817045, guid: 6b0528b68e34f01448d52a18f3734531, type: 3}
      propertyPath: m_LocalPosition.y
      value: 0
      objectReference: {fileID: 0}
    - target: {fileID: -8679921383154817045, guid: 6b0528b68e34f01448d52a18f3734531, type: 3}
      propertyPath: m_LocalPosition.z
      value: 0
      objectReference: {fileID: 0}
    - target: {fileID: -8679921383154817045, guid: 6b0528b68e34f01448d52a18f3734531, type: 3}
      propertyPath: m_LocalRotation.w
      value: -0.00000035762784
      objectReference: {fileID: 0}
    - target: {fileID: -8679921383154817045, guid: 6b0528b68e34f01448d52a18f3734531, type: 3}
      propertyPath: m_LocalRotation.x
      value: -0
      objectReference: {fileID: 0}
    - target: {fileID: -8679921383154817045, guid: 6b0528b68e34f01448d52a18f3734531, type: 3}
      propertyPath: m_LocalRotation.y
      value: -1
      objectReference: {fileID: 0}
    - target: {fileID: -8679921383154817045, guid: 6b0528b68e34f01448d52a18f3734531, type: 3}
      propertyPath: m_LocalRotation.z
      value: -0
      objectReference: {fileID: 0}
    - target: {fileID: -8679921383154817045, guid: 6b0528b68e34f01448d52a18f3734531, type: 3}
      propertyPath: m_LocalEulerAnglesHint.x
      value: 0
      objectReference: {fileID: 0}
    - target: {fileID: -8679921383154817045, guid: 6b0528b68e34f01448d52a18f3734531, type: 3}
      propertyPath: m_LocalEulerAnglesHint.y
      value: -180
      objectReference: {fileID: 0}
    - target: {fileID: -8679921383154817045, guid: 6b0528b68e34f01448d52a18f3734531, type: 3}
      propertyPath: m_LocalEulerAnglesHint.z
      value: 0
      objectReference: {fileID: 0}
    - target: {fileID: 919132149155446097, guid: 6b0528b68e34f01448d52a18f3734531, type: 3}
      propertyPath: m_Name
      value: Level 19
      objectReference: {fileID: 0}
    - target: {fileID: 919132149155446097, guid: 6b0528b68e34f01448d52a18f3734531, type: 3}
      propertyPath: m_IsActive
      value: 0
      objectReference: {fileID: 0}
    - target: {fileID: 6812038272981148234, guid: 6b0528b68e34f01448d52a18f3734531, type: 3}
      propertyPath: m_DirtyAABB
      value: 0
      objectReference: {fileID: 0}
    - target: {fileID: 6812038272981148234, guid: 6b0528b68e34f01448d52a18f3734531, type: 3}
      propertyPath: m_AABB.m_Center.y
      value: 2.7542531
      objectReference: {fileID: 0}
    - target: {fileID: 6812038272981148234, guid: 6b0528b68e34f01448d52a18f3734531, type: 3}
      propertyPath: m_AABB.m_Extent.x
      value: 5.953692
      objectReference: {fileID: 0}
    - target: {fileID: 6812038272981148234, guid: 6b0528b68e34f01448d52a18f3734531, type: 3}
      propertyPath: m_AABB.m_Extent.y
      value: 2.7592533
      objectReference: {fileID: 0}
    - target: {fileID: 6812038272981148234, guid: 6b0528b68e34f01448d52a18f3734531, type: 3}
      propertyPath: m_AABB.m_Extent.z
      value: 7.149721
      objectReference: {fileID: 0}
    - target: {fileID: 6812038272981148234, guid: 6b0528b68e34f01448d52a18f3734531, type: 3}
      propertyPath: m_BlendShapeWeights.Array.size
      value: 1
      objectReference: {fileID: 0}
    - target: {fileID: 6812038272981148234, guid: 6b0528b68e34f01448d52a18f3734531, type: 3}
      propertyPath: m_BlendShapeWeights.Array.data[0]
      value: 100
      objectReference: {fileID: 0}
    m_RemovedComponents: []
  m_SourcePrefab: {fileID: 100100000, guid: 6b0528b68e34f01448d52a18f3734531, type: 3}
--- !u!1001 &1788312113
PrefabInstance:
  m_ObjectHideFlags: 0
  serializedVersion: 2
  m_Modification:
    m_TransformParent: {fileID: 0}
    m_Modifications:
    - target: {fileID: -8679921383154817045, guid: 2c3cf6e1782d06348bf77d060031063f, type: 3}
      propertyPath: m_RootOrder
      value: 3
      objectReference: {fileID: 0}
    - target: {fileID: -8679921383154817045, guid: 2c3cf6e1782d06348bf77d060031063f, type: 3}
      propertyPath: m_LocalPosition.x
      value: 0
      objectReference: {fileID: 0}
    - target: {fileID: -8679921383154817045, guid: 2c3cf6e1782d06348bf77d060031063f, type: 3}
      propertyPath: m_LocalPosition.y
      value: 0
      objectReference: {fileID: 0}
    - target: {fileID: -8679921383154817045, guid: 2c3cf6e1782d06348bf77d060031063f, type: 3}
      propertyPath: m_LocalPosition.z
      value: 0
      objectReference: {fileID: 0}
    - target: {fileID: -8679921383154817045, guid: 2c3cf6e1782d06348bf77d060031063f, type: 3}
      propertyPath: m_LocalRotation.w
      value: 0.00000058114523
      objectReference: {fileID: 0}
    - target: {fileID: -8679921383154817045, guid: 2c3cf6e1782d06348bf77d060031063f, type: 3}
      propertyPath: m_LocalRotation.x
      value: -0
      objectReference: {fileID: 0}
    - target: {fileID: -8679921383154817045, guid: 2c3cf6e1782d06348bf77d060031063f, type: 3}
      propertyPath: m_LocalRotation.y
      value: -1
      objectReference: {fileID: 0}
    - target: {fileID: -8679921383154817045, guid: 2c3cf6e1782d06348bf77d060031063f, type: 3}
      propertyPath: m_LocalRotation.z
      value: -0
      objectReference: {fileID: 0}
    - target: {fileID: -8679921383154817045, guid: 2c3cf6e1782d06348bf77d060031063f, type: 3}
      propertyPath: m_LocalEulerAnglesHint.x
      value: 0
      objectReference: {fileID: 0}
    - target: {fileID: -8679921383154817045, guid: 2c3cf6e1782d06348bf77d060031063f, type: 3}
      propertyPath: m_LocalEulerAnglesHint.y
      value: -180
      objectReference: {fileID: 0}
    - target: {fileID: -8679921383154817045, guid: 2c3cf6e1782d06348bf77d060031063f, type: 3}
      propertyPath: m_LocalEulerAnglesHint.z
      value: 0
      objectReference: {fileID: 0}
    - target: {fileID: 919132149155446097, guid: 2c3cf6e1782d06348bf77d060031063f, type: 3}
      propertyPath: m_Name
      value: Level 16
      objectReference: {fileID: 0}
    - target: {fileID: 919132149155446097, guid: 2c3cf6e1782d06348bf77d060031063f, type: 3}
      propertyPath: m_IsActive
      value: 0
      objectReference: {fileID: 0}
    - target: {fileID: 6812038272981148234, guid: 2c3cf6e1782d06348bf77d060031063f, type: 3}
      propertyPath: m_DirtyAABB
      value: 0
      objectReference: {fileID: 0}
    - target: {fileID: 6812038272981148234, guid: 2c3cf6e1782d06348bf77d060031063f, type: 3}
      propertyPath: m_AABB.m_Center.x
      value: -1.2220905
      objectReference: {fileID: 0}
    - target: {fileID: 6812038272981148234, guid: 2c3cf6e1782d06348bf77d060031063f, type: 3}
      propertyPath: m_AABB.m_Center.y
      value: 2.4417458
      objectReference: {fileID: 0}
    - target: {fileID: 6812038272981148234, guid: 2c3cf6e1782d06348bf77d060031063f, type: 3}
      propertyPath: m_AABB.m_Extent.x
      value: 6.357274
      objectReference: {fileID: 0}
    - target: {fileID: 6812038272981148234, guid: 2c3cf6e1782d06348bf77d060031063f, type: 3}
      propertyPath: m_AABB.m_Extent.y
      value: 2.4491038
      objectReference: {fileID: 0}
    - target: {fileID: 6812038272981148234, guid: 2c3cf6e1782d06348bf77d060031063f, type: 3}
      propertyPath: m_AABB.m_Extent.z
      value: 3.392728
      objectReference: {fileID: 0}
    - target: {fileID: 6812038272981148234, guid: 2c3cf6e1782d06348bf77d060031063f, type: 3}
      propertyPath: m_BlendShapeWeights.Array.size
      value: 1
      objectReference: {fileID: 0}
    - target: {fileID: 6812038272981148234, guid: 2c3cf6e1782d06348bf77d060031063f, type: 3}
      propertyPath: m_BlendShapeWeights.Array.data[0]
      value: 0
      objectReference: {fileID: 0}
    m_RemovedComponents: []
  m_SourcePrefab: {fileID: 100100000, guid: 2c3cf6e1782d06348bf77d060031063f, type: 3}
--- !u!1001 &1815339551
PrefabInstance:
  m_ObjectHideFlags: 0
  serializedVersion: 2
  m_Modification:
    m_TransformParent: {fileID: 0}
    m_Modifications:
    - target: {fileID: -8679921383154817045, guid: 6c78d30b645dd284191b9d20d2307f34, type: 3}
      propertyPath: m_RootOrder
      value: 19
      objectReference: {fileID: 0}
    - target: {fileID: -8679921383154817045, guid: 6c78d30b645dd284191b9d20d2307f34, type: 3}
      propertyPath: m_LocalPosition.x
      value: 0
      objectReference: {fileID: 0}
    - target: {fileID: -8679921383154817045, guid: 6c78d30b645dd284191b9d20d2307f34, type: 3}
      propertyPath: m_LocalPosition.y
      value: 0
      objectReference: {fileID: 0}
    - target: {fileID: -8679921383154817045, guid: 6c78d30b645dd284191b9d20d2307f34, type: 3}
      propertyPath: m_LocalPosition.z
      value: 0
      objectReference: {fileID: 0}
    - target: {fileID: -8679921383154817045, guid: 6c78d30b645dd284191b9d20d2307f34, type: 3}
      propertyPath: m_LocalRotation.w
      value: -0.00000035762784
      objectReference: {fileID: 0}
    - target: {fileID: -8679921383154817045, guid: 6c78d30b645dd284191b9d20d2307f34, type: 3}
      propertyPath: m_LocalRotation.x
      value: -0
      objectReference: {fileID: 0}
    - target: {fileID: -8679921383154817045, guid: 6c78d30b645dd284191b9d20d2307f34, type: 3}
      propertyPath: m_LocalRotation.y
      value: -1
      objectReference: {fileID: 0}
    - target: {fileID: -8679921383154817045, guid: 6c78d30b645dd284191b9d20d2307f34, type: 3}
      propertyPath: m_LocalRotation.z
      value: -0
      objectReference: {fileID: 0}
    - target: {fileID: -8679921383154817045, guid: 6c78d30b645dd284191b9d20d2307f34, type: 3}
      propertyPath: m_LocalEulerAnglesHint.x
      value: 0
      objectReference: {fileID: 0}
    - target: {fileID: -8679921383154817045, guid: 6c78d30b645dd284191b9d20d2307f34, type: 3}
      propertyPath: m_LocalEulerAnglesHint.y
      value: -180
      objectReference: {fileID: 0}
    - target: {fileID: -8679921383154817045, guid: 6c78d30b645dd284191b9d20d2307f34, type: 3}
      propertyPath: m_LocalEulerAnglesHint.z
      value: 0
      objectReference: {fileID: 0}
    - target: {fileID: -4796321759998269297, guid: 6c78d30b645dd284191b9d20d2307f34, type: 3}
      propertyPath: m_DirtyAABB
      value: 0
      objectReference: {fileID: 0}
    - target: {fileID: -4796321759998269297, guid: 6c78d30b645dd284191b9d20d2307f34, type: 3}
      propertyPath: m_AABB.m_Center.y
      value: 1.952313
      objectReference: {fileID: 0}
    - target: {fileID: -4796321759998269297, guid: 6c78d30b645dd284191b9d20d2307f34, type: 3}
      propertyPath: m_AABB.m_Center.z
      value: 1.2432284
      objectReference: {fileID: 0}
    - target: {fileID: -4796321759998269297, guid: 6c78d30b645dd284191b9d20d2307f34, type: 3}
      propertyPath: m_AABB.m_Extent.x
      value: 6.138025
      objectReference: {fileID: 0}
    - target: {fileID: -4796321759998269297, guid: 6c78d30b645dd284191b9d20d2307f34, type: 3}
      propertyPath: m_AABB.m_Extent.y
      value: 1.9573131
      objectReference: {fileID: 0}
    - target: {fileID: -4796321759998269297, guid: 6c78d30b645dd284191b9d20d2307f34, type: 3}
      propertyPath: m_AABB.m_Extent.z
      value: 6.523228
      objectReference: {fileID: 0}
    - target: {fileID: -4796321759998269297, guid: 6c78d30b645dd284191b9d20d2307f34, type: 3}
      propertyPath: m_BlendShapeWeights.Array.size
      value: 1
      objectReference: {fileID: 0}
    - target: {fileID: -4796321759998269297, guid: 6c78d30b645dd284191b9d20d2307f34, type: 3}
      propertyPath: m_BlendShapeWeights.Array.data[0]
      value: 0
      objectReference: {fileID: 0}
    - target: {fileID: 919132149155446097, guid: 6c78d30b645dd284191b9d20d2307f34, type: 3}
      propertyPath: m_Name
      value: Level 34
      objectReference: {fileID: 0}
    - target: {fileID: 919132149155446097, guid: 6c78d30b645dd284191b9d20d2307f34, type: 3}
      propertyPath: m_IsActive
      value: 0
      objectReference: {fileID: 0}
    m_RemovedComponents: []
  m_SourcePrefab: {fileID: 100100000, guid: 6c78d30b645dd284191b9d20d2307f34, type: 3}
--- !u!1001 &1817087528
PrefabInstance:
  m_ObjectHideFlags: 0
  serializedVersion: 2
  m_Modification:
    m_TransformParent: {fileID: 0}
    m_Modifications:
    - target: {fileID: -8679921383154817045, guid: 287a3bd91aeff9c41851b4c0f4d4f506, type: 3}
      propertyPath: m_RootOrder
      value: 10
      objectReference: {fileID: 0}
    - target: {fileID: -8679921383154817045, guid: 287a3bd91aeff9c41851b4c0f4d4f506, type: 3}
      propertyPath: m_LocalPosition.x
      value: 0
      objectReference: {fileID: 0}
    - target: {fileID: -8679921383154817045, guid: 287a3bd91aeff9c41851b4c0f4d4f506, type: 3}
      propertyPath: m_LocalPosition.y
      value: 0
      objectReference: {fileID: 0}
    - target: {fileID: -8679921383154817045, guid: 287a3bd91aeff9c41851b4c0f4d4f506, type: 3}
      propertyPath: m_LocalPosition.z
      value: 0
      objectReference: {fileID: 0}
    - target: {fileID: -8679921383154817045, guid: 287a3bd91aeff9c41851b4c0f4d4f506, type: 3}
      propertyPath: m_LocalRotation.w
      value: 0.00000058114523
      objectReference: {fileID: 0}
    - target: {fileID: -8679921383154817045, guid: 287a3bd91aeff9c41851b4c0f4d4f506, type: 3}
      propertyPath: m_LocalRotation.x
      value: -0
      objectReference: {fileID: 0}
    - target: {fileID: -8679921383154817045, guid: 287a3bd91aeff9c41851b4c0f4d4f506, type: 3}
      propertyPath: m_LocalRotation.y
      value: -1
      objectReference: {fileID: 0}
    - target: {fileID: -8679921383154817045, guid: 287a3bd91aeff9c41851b4c0f4d4f506, type: 3}
      propertyPath: m_LocalRotation.z
      value: -0
      objectReference: {fileID: 0}
    - target: {fileID: -8679921383154817045, guid: 287a3bd91aeff9c41851b4c0f4d4f506, type: 3}
      propertyPath: m_LocalEulerAnglesHint.x
      value: 0
      objectReference: {fileID: 0}
    - target: {fileID: -8679921383154817045, guid: 287a3bd91aeff9c41851b4c0f4d4f506, type: 3}
      propertyPath: m_LocalEulerAnglesHint.y
      value: -180
      objectReference: {fileID: 0}
    - target: {fileID: -8679921383154817045, guid: 287a3bd91aeff9c41851b4c0f4d4f506, type: 3}
      propertyPath: m_LocalEulerAnglesHint.z
      value: 0
      objectReference: {fileID: 0}
    - target: {fileID: -4796321759998269297, guid: 287a3bd91aeff9c41851b4c0f4d4f506, type: 3}
      propertyPath: m_DirtyAABB
      value: 0
      objectReference: {fileID: 0}
    - target: {fileID: -4796321759998269297, guid: 287a3bd91aeff9c41851b4c0f4d4f506, type: 3}
      propertyPath: m_AABB.m_Center.y
      value: 1.2310394
      objectReference: {fileID: 0}
    - target: {fileID: -4796321759998269297, guid: 287a3bd91aeff9c41851b4c0f4d4f506, type: 3}
      propertyPath: m_AABB.m_Center.z
      value: 1.2298696
      objectReference: {fileID: 0}
    - target: {fileID: -4796321759998269297, guid: 287a3bd91aeff9c41851b4c0f4d4f506, type: 3}
      propertyPath: m_AABB.m_Extent.x
      value: 3.8909218
      objectReference: {fileID: 0}
    - target: {fileID: -4796321759998269297, guid: 287a3bd91aeff9c41851b4c0f4d4f506, type: 3}
      propertyPath: m_AABB.m_Extent.y
      value: 1.2360395
      objectReference: {fileID: 0}
    - target: {fileID: -4796321759998269297, guid: 287a3bd91aeff9c41851b4c0f4d4f506, type: 3}
      propertyPath: m_AABB.m_Extent.z
      value: 5.589053
      objectReference: {fileID: 0}
    - target: {fileID: -4796321759998269297, guid: 287a3bd91aeff9c41851b4c0f4d4f506, type: 3}
      propertyPath: m_BlendShapeWeights.Array.size
      value: 1
      objectReference: {fileID: 0}
    - target: {fileID: -4796321759998269297, guid: 287a3bd91aeff9c41851b4c0f4d4f506, type: 3}
      propertyPath: m_BlendShapeWeights.Array.data[0]
      value: 100
      objectReference: {fileID: 0}
    - target: {fileID: 919132149155446097, guid: 287a3bd91aeff9c41851b4c0f4d4f506, type: 3}
      propertyPath: m_Name
      value: Level 24
      objectReference: {fileID: 0}
    - target: {fileID: 919132149155446097, guid: 287a3bd91aeff9c41851b4c0f4d4f506, type: 3}
      propertyPath: m_IsActive
      value: 0
      objectReference: {fileID: 0}
    m_RemovedComponents: []
  m_SourcePrefab: {fileID: 100100000, guid: 287a3bd91aeff9c41851b4c0f4d4f506, type: 3}
--- !u!1001 &1908107433
PrefabInstance:
  m_ObjectHideFlags: 0
  serializedVersion: 2
  m_Modification:
    m_TransformParent: {fileID: 0}
    m_Modifications:
    - target: {fileID: -8679921383154817045, guid: ef4518cbb4a498b4a91e872f5c80aef4, type: 3}
      propertyPath: m_RootOrder
      value: 18
      objectReference: {fileID: 0}
    - target: {fileID: -8679921383154817045, guid: ef4518cbb4a498b4a91e872f5c80aef4, type: 3}
      propertyPath: m_LocalPosition.x
      value: 1
      objectReference: {fileID: 0}
    - target: {fileID: -8679921383154817045, guid: ef4518cbb4a498b4a91e872f5c80aef4, type: 3}
      propertyPath: m_LocalPosition.y
      value: 0
      objectReference: {fileID: 0}
    - target: {fileID: -8679921383154817045, guid: ef4518cbb4a498b4a91e872f5c80aef4, type: 3}
      propertyPath: m_LocalPosition.z
      value: 0
      objectReference: {fileID: 0}
    - target: {fileID: -8679921383154817045, guid: ef4518cbb4a498b4a91e872f5c80aef4, type: 3}
      propertyPath: m_LocalRotation.w
      value: 0.00000041723246
      objectReference: {fileID: 0}
    - target: {fileID: -8679921383154817045, guid: ef4518cbb4a498b4a91e872f5c80aef4, type: 3}
      propertyPath: m_LocalRotation.x
      value: -0
      objectReference: {fileID: 0}
    - target: {fileID: -8679921383154817045, guid: ef4518cbb4a498b4a91e872f5c80aef4, type: 3}
      propertyPath: m_LocalRotation.y
      value: 1
      objectReference: {fileID: 0}
    - target: {fileID: -8679921383154817045, guid: ef4518cbb4a498b4a91e872f5c80aef4, type: 3}
      propertyPath: m_LocalRotation.z
      value: -0
      objectReference: {fileID: 0}
    - target: {fileID: -8679921383154817045, guid: ef4518cbb4a498b4a91e872f5c80aef4, type: 3}
      propertyPath: m_LocalEulerAnglesHint.x
      value: 0
      objectReference: {fileID: 0}
    - target: {fileID: -8679921383154817045, guid: ef4518cbb4a498b4a91e872f5c80aef4, type: 3}
      propertyPath: m_LocalEulerAnglesHint.y
      value: 180
      objectReference: {fileID: 0}
    - target: {fileID: -8679921383154817045, guid: ef4518cbb4a498b4a91e872f5c80aef4, type: 3}
      propertyPath: m_LocalEulerAnglesHint.z
      value: 0
      objectReference: {fileID: 0}
    - target: {fileID: -4796321759998269297, guid: ef4518cbb4a498b4a91e872f5c80aef4, type: 3}
      propertyPath: m_DirtyAABB
      value: 0
      objectReference: {fileID: 0}
    - target: {fileID: -4796321759998269297, guid: ef4518cbb4a498b4a91e872f5c80aef4, type: 3}
      propertyPath: m_AABB.m_Center.x
      value: 1.4893768
      objectReference: {fileID: 0}
    - target: {fileID: -4796321759998269297, guid: ef4518cbb4a498b4a91e872f5c80aef4, type: 3}
      propertyPath: m_AABB.m_Center.y
      value: 3.2097497
      objectReference: {fileID: 0}
    - target: {fileID: -4796321759998269297, guid: ef4518cbb4a498b4a91e872f5c80aef4, type: 3}
      propertyPath: m_AABB.m_Extent.x
      value: 7.9693766
      objectReference: {fileID: 0}
    - target: {fileID: -4796321759998269297, guid: ef4518cbb4a498b4a91e872f5c80aef4, type: 3}
      propertyPath: m_AABB.m_Extent.y
      value: 3.2175345
      objectReference: {fileID: 0}
    - target: {fileID: -4796321759998269297, guid: ef4518cbb4a498b4a91e872f5c80aef4, type: 3}
      propertyPath: m_AABB.m_Extent.z
      value: 3.212499
      objectReference: {fileID: 0}
    - target: {fileID: -4796321759998269297, guid: ef4518cbb4a498b4a91e872f5c80aef4, type: 3}
      propertyPath: m_BlendShapeWeights.Array.size
      value: 1
      objectReference: {fileID: 0}
    - target: {fileID: -4796321759998269297, guid: ef4518cbb4a498b4a91e872f5c80aef4, type: 3}
      propertyPath: m_BlendShapeWeights.Array.data[0]
      value: 100
      objectReference: {fileID: 0}
    - target: {fileID: 919132149155446097, guid: ef4518cbb4a498b4a91e872f5c80aef4, type: 3}
      propertyPath: m_Name
      value: Level 32
      objectReference: {fileID: 0}
    - target: {fileID: 919132149155446097, guid: ef4518cbb4a498b4a91e872f5c80aef4, type: 3}
      propertyPath: m_IsActive
      value: 0
      objectReference: {fileID: 0}
    m_RemovedComponents: []
  m_SourcePrefab: {fileID: 100100000, guid: ef4518cbb4a498b4a91e872f5c80aef4, type: 3}
--- !u!1001 &2002359580
PrefabInstance:
  m_ObjectHideFlags: 0
  serializedVersion: 2
  m_Modification:
    m_TransformParent: {fileID: 0}
    m_Modifications:
    - target: {fileID: -8679921383154817045, guid: c7e82ab35df6b2e48bbca30376bf4c72, type: 3}
      propertyPath: m_RootOrder
      value: 4
      objectReference: {fileID: 0}
    - target: {fileID: -8679921383154817045, guid: c7e82ab35df6b2e48bbca30376bf4c72, type: 3}
      propertyPath: m_LocalPosition.x
      value: 0
      objectReference: {fileID: 0}
    - target: {fileID: -8679921383154817045, guid: c7e82ab35df6b2e48bbca30376bf4c72, type: 3}
      propertyPath: m_LocalPosition.y
      value: 0
      objectReference: {fileID: 0}
    - target: {fileID: -8679921383154817045, guid: c7e82ab35df6b2e48bbca30376bf4c72, type: 3}
      propertyPath: m_LocalPosition.z
      value: 0
      objectReference: {fileID: 0}
    - target: {fileID: -8679921383154817045, guid: c7e82ab35df6b2e48bbca30376bf4c72, type: 3}
      propertyPath: m_LocalRotation.w
      value: 0.00000058114523
      objectReference: {fileID: 0}
    - target: {fileID: -8679921383154817045, guid: c7e82ab35df6b2e48bbca30376bf4c72, type: 3}
      propertyPath: m_LocalRotation.x
      value: -0
      objectReference: {fileID: 0}
    - target: {fileID: -8679921383154817045, guid: c7e82ab35df6b2e48bbca30376bf4c72, type: 3}
      propertyPath: m_LocalRotation.y
      value: -1
      objectReference: {fileID: 0}
    - target: {fileID: -8679921383154817045, guid: c7e82ab35df6b2e48bbca30376bf4c72, type: 3}
      propertyPath: m_LocalRotation.z
      value: -0
      objectReference: {fileID: 0}
    - target: {fileID: -8679921383154817045, guid: c7e82ab35df6b2e48bbca30376bf4c72, type: 3}
      propertyPath: m_LocalEulerAnglesHint.x
      value: 0
      objectReference: {fileID: 0}
    - target: {fileID: -8679921383154817045, guid: c7e82ab35df6b2e48bbca30376bf4c72, type: 3}
      propertyPath: m_LocalEulerAnglesHint.y
      value: -180
      objectReference: {fileID: 0}
    - target: {fileID: -8679921383154817045, guid: c7e82ab35df6b2e48bbca30376bf4c72, type: 3}
      propertyPath: m_LocalEulerAnglesHint.z
      value: 0
      objectReference: {fileID: 0}
    - target: {fileID: 919132149155446097, guid: c7e82ab35df6b2e48bbca30376bf4c72, type: 3}
      propertyPath: m_Name
      value: Level 17
      objectReference: {fileID: 0}
    - target: {fileID: 919132149155446097, guid: c7e82ab35df6b2e48bbca30376bf4c72, type: 3}
      propertyPath: m_IsActive
      value: 0
      objectReference: {fileID: 0}
    - target: {fileID: 1565658653129175698, guid: c7e82ab35df6b2e48bbca30376bf4c72, type: 3}
      propertyPath: m_DirtyAABB
      value: 0
      objectReference: {fileID: 0}
    - target: {fileID: 1565658653129175698, guid: c7e82ab35df6b2e48bbca30376bf4c72, type: 3}
      propertyPath: m_AABB.m_Center.y
      value: 1.3529546
      objectReference: {fileID: 0}
    - target: {fileID: 1565658653129175698, guid: c7e82ab35df6b2e48bbca30376bf4c72, type: 3}
      propertyPath: m_AABB.m_Center.z
      value: -1.2857537
      objectReference: {fileID: 0}
    - target: {fileID: 1565658653129175698, guid: c7e82ab35df6b2e48bbca30376bf4c72, type: 3}
      propertyPath: m_AABB.m_Extent.x
      value: 4.050506
      objectReference: {fileID: 0}
    - target: {fileID: 1565658653129175698, guid: c7e82ab35df6b2e48bbca30376bf4c72, type: 3}
      propertyPath: m_AABB.m_Extent.y
      value: 1.3579547
      objectReference: {fileID: 0}
    - target: {fileID: 1565658653129175698, guid: c7e82ab35df6b2e48bbca30376bf4c72, type: 3}
      propertyPath: m_AABB.m_Extent.z
      value: 4.4857535
      objectReference: {fileID: 0}
    - target: {fileID: 1565658653129175698, guid: c7e82ab35df6b2e48bbca30376bf4c72, type: 3}
      propertyPath: m_BlendShapeWeights.Array.size
      value: 1
      objectReference: {fileID: 0}
    - target: {fileID: 1565658653129175698, guid: c7e82ab35df6b2e48bbca30376bf4c72, type: 3}
      propertyPath: m_BlendShapeWeights.Array.data[0]
      value: 100
      objectReference: {fileID: 0}
    m_RemovedComponents: []
  m_SourcePrefab: {fileID: 100100000, guid: c7e82ab35df6b2e48bbca30376bf4c72, type: 3}
